<?xml version="1.0" encoding="UTF-8"?>
<!DOCTYPE html PUBLIC "-//W3C//DTD XHTML 1.0 Transitional//EN"
    "http://www.w3.org/TR/xhtml1/DTD/xhtml1-transitional.dtd">
<html xmlns="http://www.w3.org/1999/xhtml" xml:lang="en" lang="en">
 <head>
  <title>
</title>
<meta http-equiv="Content-Type" content="text/html;charset=utf-8" />
  <meta name='ocr-system' content='tesseract 3.04.00' />
  <meta name='ocr-capabilities' content='ocr_page ocr_carea ocr_par ocr_line ocrx_word'/>
</head>
<body>
  <div class='ocr_page' id='page_1' title='image "./comoediaesexexre02tereuoft_0183.png"; bbox 0 0 1875 3308; ppageno 0'>
   <div class='ocr_carea' id='block_1_1' title="bbox 684 207 977 257">
    <p class='ocr_par' dir='ltr' id='par_1_1' title="bbox 684 207 977 257">
     <span class='ocr_line' id='line_1_1' title="bbox 684 207 977 257; baseline -0.024 0"><span class='ocrx_word' id='word_1_1' title='bbox 684 207 977 257; x_wconf 73' lang='lat' dir='ltr'><strong>ADELPH.</strong></span> 
     </span>
    </p>
   </div>
   <div class='ocr_carea' id='block_1_2' title="bbox 1400 219 1487 267">
    <p class='ocr_par' dir='ltr' id='par_1_2' title="bbox 1400 219 1487 267">
     <span class='ocr_line' id='line_1_2' title="bbox 1400 219 1487 267; baseline 0.011 -1"><span class='ocrx_word' id='word_1_2' title='bbox 1400 219 1487 267; x_wconf 75' lang='lat'>¹55</span> 
     </span>
    </p>
   </div>
   <div class='ocr_carea' id='block_1_3' title="bbox 265 327 1490 701">
    <p class='ocr_par' dir='ltr' id='par_1_3' title="bbox 265 327 1490 544">
     <span class='ocr_line' id='line_1_3' title="bbox 265 327 1489 391; baseline -0.006 -5"><span class='ocrx_word' id='word_1_3' title='bbox 265 341 390 386; x_wconf 86' lang='lat' dir='ltr'>Bono</span> <span class='ocrx_word' id='word_1_4' title='bbox 418 339 564 385; x_wconf 72' lang='lat' dir='ltr'>animo</span> <span class='ocrx_word' id='word_1_5' title='bbox 594 354 665 391; x_wconf 86' lang='lat' dir='ltr'>es,</span> <span class='ocrx_word' id='word_1_6' title='bbox 699 338 828 385; x_wconf 88' lang='lat' dir='ltr'>duces</span> <span class='ocrx_word' id='word_1_7' title='bbox 859 349 1038 384; x_wconf 82' lang='lat' dir='ltr'>vxorem</span> <span class='ocrx_word' id='word_1_8' title='bbox 1060 332 1185 381; x_wconf 77' lang='lat' dir='ltr'>hanc.</span> <span class='ocrx_word' id='word_1_9' title='bbox 1224 327 1322 378; x_wconf 81' lang='grc' dir='ltr'>Λε.</span> <span class='ocrx_word' id='word_1_10' title='bbox 1359 329 1489 385; x_wconf 79' lang='lat' dir='ltr'>hem!</span> 
     </span>
     <span class='ocr_line' id='line_1_4' title="bbox 361 409 1389 474; baseline -0.007 -13"><span class='ocrx_word' id='word_1_11' title='bbox 361 417 413 461; x_wconf 89' lang='lat' dir='ltr'>M</span> <span class='ocrx_word' id='word_1_12' title='bbox 427 427 456 460; x_wconf 84' lang='grc' dir='ltr'>ι.</span> <span class='ocrx_word' id='word_1_13' title='bbox 493 413 612 461; x_wconf 90' lang='lat' dir='ltr'>bono</span> <span class='ocrx_word' id='word_1_14' title='bbox 634 415 781 459; x_wconf 86' lang='lat' dir='ltr'>animo</span> <span class='ocrx_word' id='word_1_15' title='bbox 801 428 860 465; x_wconf 87' lang='lat' dir='ltr'>es,</span> <span class='ocrx_word' id='word_1_16' title='bbox 882 413 1074 474; x_wconf 84' lang='lat' dir='ltr'>inquam.</span> <span class='ocrx_word' id='word_1_17' title='bbox 1113 409 1153 456; x_wconf 89' lang='lat' dir='ltr'>A</span> <span class='ocrx_word' id='word_1_18' title='bbox 1172 420 1215 454; x_wconf 77' lang='grc' dir='ltr'>Ε.</span> <span class='ocrx_word' id='word_1_19' title='bbox 1252 418 1389 473; x_wconf 86' lang='lat' dir='ltr'>pater,</span> 
     </span>
     <span class='ocr_line' id='line_1_5' title="bbox 268 480 1490 544; baseline -0.005 -8"><span class='ocrx_word' id='word_1_20' title='bbox 268 489 484 541; x_wconf 89' lang='lat' dir='ltr'>Obsecro,</span> <span class='ocrx_word' id='word_1_21' title='bbox 523 507 612 537; x_wconf 89' lang='lat' dir='ltr'>non</span> <span class='ocrx_word' id='word_1_22' title='bbox 646 488 758 535; x_wconf 84' lang='lat' dir='ltr'>ludis</span> <span class='ocrx_word' id='word_1_23' title='bbox 789 498 836 534; x_wconf 83' lang='lat' dir='ltr'>tu</span> <span class='ocrx_word' id='word_1_24' title='bbox 872 502 992 532; x_wconf 88' lang='lat' dir='ltr'>nunc</span> <span class='ocrx_word' id='word_1_25' title='bbox 1022 482 1124 530; x_wconf 86' lang='lat' dir='ltr'>me?</span> <span class='ocrx_word' id='word_1_26' title='bbox 1159 482 1261 531; x_wconf 78' lang='lat' dir='ltr'>Ml.</span> <span class='ocrx_word' id='word_1_27' title='bbox 1296 494 1381 544; x_wconf 87' lang='lat' dir='ltr'>eg&#39;o</span> <span class='ocrx_word' id='word_1_28' title='bbox 1413 480 1490 534; x_wconf 75' lang='lat' dir='ltr'>te?</span> 
     </span>
    </p>

    <p class='ocr_par' dir='ltr' id='par_1_4' title="bbox 269 561 1489 701">
     <span class='ocr_line' id='line_1_6' title="bbox 363 561 1010 627; baseline -0.005 -18"><span class='ocrx_word' id='word_1_29' title='bbox 363 565 679 627; x_wconf 83' lang='lat' dir='ltr'>quamobrem?</span> <span class='ocrx_word' id='word_1_30' title='bbox 711 561 814 610; x_wconf 79' lang='grc' dir='ltr'>ΑΕ.</span> <span class='ocrx_word' id='word_1_31' title='bbox 847 561 1010 617; x_wconf 88' lang='lat' dir='ltr'>nescio;</span> 
     </span>
     <span class='ocr_line' id='line_1_7' title="bbox 269 634 1489 701; baseline -0.004 -15"><span class='ocrx_word' id='word_1_32' title='bbox 269 641 386 695; x_wconf 84' lang='lat' dir='ltr'>Quia</span> <span class='ocrx_word' id='word_1_33' title='bbox 409 651 497 686; x_wconf 82' lang='lat' dir='ltr'>tam</span> <span class='ocrx_word' id='word_1_34' title='bbox 519 640 668 687; x_wconf 85' lang='lat' dir='ltr'>misere</span> <span class='ocrx_word' id='word_1_35' title='bbox 687 638 772 685; x_wconf 89' lang='lat' dir='ltr'>hoc</span> <span class='ocrx_word' id='word_1_36' title='bbox 792 634 874 683; x_wconf 85' lang='lat' dir='ltr'>esse</span> <span class='ocrx_word' id='word_1_37' title='bbox 896 636 1029 701; x_wconf 88' lang='lat' dir='ltr'>cupio</span> <span class='ocrx_word' id='word_1_38' title='bbox 1047 649 1227 686; x_wconf 84' lang='lat' dir='ltr'>verum,</span> <span class='ocrx_word' id='word_1_39' title='bbox 1259 649 1313 680; x_wconf 88' lang='lat' dir='ltr'>eo</span> <span class='ocrx_word' id='word_1_40' title='bbox 1335 649 1489 681; x_wconf 83' lang='lat' dir='ltr'>vereor</span> 
     </span>
    </p>
   </div>
   <div class='ocr_carea' id='block_1_4' title="bbox 364 717 517 774">
    <p class='ocr_par' dir='ltr' id='par_1_5' title="bbox 364 717 517 774">
     <span class='ocr_line' id='line_1_8' title="bbox 364 717 517 774; baseline -0.007 -14"><span class='ocrx_word' id='word_1_41' title='bbox 364 717 517 774; x_wconf 72' lang='lat' dir='ltr'>magis.</span> 
     </span>
    </p>
   </div>
   <div class='ocr_carea' id='block_1_5' title="bbox 168 788 1491 851">
    <p class='ocr_par' dir='ltr' id='par_1_6' title="bbox 168 788 1491 851">
     <span class='ocr_line' id='line_1_9' title="bbox 168 788 1491 851; baseline -0.004 -14"><span class='ocrx_word' id='word_1_42' title='bbox 168 791 233 851; x_wconf 81' lang='lat'>65</span> <span class='ocrx_word' id='word_1_43' title='bbox 271 788 323 835; x_wconf 91' lang='grc' dir='ltr'><em>Μ</em></span> <span class='ocrx_word' id='word_1_44' title='bbox 338 804 366 836; x_wconf 86' lang='lat'>1.</span> <span class='ocrx_word' id='word_1_45' title='bbox 401 790 486 836; x_wconf 85' lang='lat' dir='ltr'>Abi</span> <span class='ocrx_word' id='word_1_46' title='bbox 509 789 703 842; x_wconf 87' lang='lat' dir='ltr'>domum,</span> <span class='ocrx_word' id='word_1_47' title='bbox 722 805 770 836; x_wconf 86' lang='lat' dir='ltr'>ae</span> <span class='ocrx_word' id='word_1_48' title='bbox 790 791 911 837; x_wconf 75' lang='lat' dir='ltr'>Deos</span> <span class='ocrx_word' id='word_1_49' title='bbox 932 799 1226 851; x_wconf 84' lang='lat' dir='ltr'>comprecare,</span> <span class='ocrx_word' id='word_1_50' title='bbox 1243 794 1292 832; x_wconf 82' lang='lat' dir='ltr'>vt</span> <span class='ocrx_word' id='word_1_51' title='bbox 1310 800 1491 832; x_wconf 75' lang='lat' dir='ltr'>vitorem</span> 
     </span>
    </p>
   </div>
   <div class='ocr_carea' id='block_1_6' title="bbox 363 861 675 912">
    <p class='ocr_par' dir='ltr' id='par_1_7' title="bbox 363 861 675 912">
     <span class='ocr_line' id='line_1_10' title="bbox 363 861 675 912; baseline 0.003 -1"><span class='ocrx_word' id='word_1_52' title='bbox 363 861 535 912; x_wconf 75' lang='lat' dir='ltr'>arcessas</span> <span class='ocrx_word' id='word_1_53' title='bbox 550 884 559 912; x_wconf 94' lang='lat'><strong>:</strong></span> <span class='ocrx_word' id='word_1_54' title='bbox 592 864 675 912; x_wconf 88' lang='lat' dir='ltr'>abi.</span> 
     </span>
    </p>
   </div>
   <div class='ocr_carea' id='block_1_7' title="bbox 131 1083 794 2757">
    <p class='ocr_par' dir='ltr' id='par_1_8' title="bbox 131 1083 789 1794">
     <span class='ocr_line' id='line_1_11' title="bbox 187 1083 784 1138; baseline -0.003 -14"><span class='ocrx_word' id='word_1_55' title='bbox 187 1086 241 1126; x_wconf 87' lang='lat'>62</span> <span class='ocrx_word' id='word_1_56' title='bbox 272 1083 376 1122; x_wconf 78' lang='lat' dir='ltr'><em>Bono</em></span> <span class='ocrx_word' id='word_1_57' title='bbox 403 1086 527 1123; x_wconf 81' lang='lat' dir='ltr'>animo</span> <span class='ocrx_word' id='word_1_58' title='bbox 553 1083 610 1138; x_wconf 85' lang='lat' dir='ltr'>es]</span> <span class='ocrx_word' id='word_1_59' title='bbox 648 1085 784 1137; x_wconf 80' lang='lat' dir='ltr'>Appa-</span> 
     </span>
     <span class='ocr_line' id='line_1_12' title="bbox 131 1136 786 1189; baseline 0.003 -12"><span class='ocrx_word' id='word_1_60' title='bbox 131 1150 190 1178; x_wconf 82' lang='lat' dir='ltr'>ret</span> <span class='ocrx_word' id='word_1_61' title='bbox 206 1140 314 1178; x_wconf 86' lang='lat' dir='ltr'>flenti</span> <span class='ocrx_word' id='word_1_62' title='bbox 335 1138 430 1179; x_wconf 84' lang='lat' dir='ltr'>haec</span> <span class='ocrx_word' id='word_1_63' title='bbox 455 1140 560 1189; x_wconf 14' lang='lat' dir='ltr'>dista&gt;</span> <span class='ocrx_word' id='word_1_64' title='bbox 578 1139 710 1180; x_wconf 82' lang='lat' dir='ltr'>omnia</span> <span class='ocrx_word' id='word_1_65' title='bbox 734 1136 786 1179; x_wconf 88' lang='lat' dir='ltr'>es·</span> 
     </span>
     <span class='ocr_line' id='line_1_13' title="bbox 132 1193 786 1236; baseline 0.003 -3"><span class='ocrx_word' id='word_1_66' title='bbox 132 1193 180 1234; x_wconf 90' lang='lat' dir='ltr'>se.</span> <span class='ocrx_word' id='word_1_67' title='bbox 239 1199 286 1236; x_wconf 87' lang='lat' dir='ltr'>Et</span> <span class='ocrx_word' id='word_1_68' title='bbox 324 1195 396 1234; x_wconf 85' lang='lat' dir='ltr'>hoc</span> <span class='ocrx_word' id='word_1_69' title='bbox 435 1195 565 1236; x_wconf 82' lang='lat' dir='ltr'>decuit</span> <span class='ocrx_word' id='word_1_70' title='bbox 600 1208 786 1236; x_wconf 83' lang='lat' dir='ltr'>verecun-</span> 
     </span>
     <span class='ocr_line' id='line_1_14' title="bbox 131 1250 785 1301; baseline 0.002 -12"><span class='ocrx_word' id='word_1_71' title='bbox 131 1253 222 1290; x_wconf 86' lang='lat' dir='ltr'>dum</span> <span class='ocrx_word' id='word_1_72' title='bbox 259 1250 564 1301; x_wconf 84' lang='lat' dir='ltr'>adolescentem,</span> <span class='ocrx_word' id='word_1_73' title='bbox 606 1264 646 1292; x_wconf 92' lang='lat' dir='ltr'>et</span> <span class='ocrx_word' id='word_1_74' title='bbox 673 1265 722 1291; x_wconf 85' lang='lat' dir='ltr'>ex</span> <span class='ocrx_word' id='word_1_75' title='bbox 749 1251 785 1291; x_wconf 81' lang='lat' dir='ltr'>vi</span> 
     </span>
     <span class='ocr_line' id='line_1_15' title="bbox 131 1309 786 1355; baseline 0.002 -10"><span class='ocrx_word' id='word_1_76' title='bbox 131 1319 260 1346; x_wconf 79' lang='lat' dir='ltr'>tantae</span> <span class='ocrx_word' id='word_1_77' title='bbox 280 1309 474 1355; x_wconf 85' lang='lat' dir='ltr'>orationis,</span> <span class='ocrx_word' id='word_1_78' title='bbox 495 1318 536 1348; x_wconf 91' lang='lat' dir='ltr'>et</span> <span class='ocrx_word' id='word_1_79' title='bbox 553 1319 660 1348; x_wconf 89' lang='lat' dir='ltr'>metu</span> <span class='ocrx_word' id='word_1_80' title='bbox 678 1309 786 1347; x_wconf 86' lang='lat' dir='ltr'>amit-</span> 
     </span>
     <span class='ocr_line' id='line_1_16' title="bbox 132 1364 785 1416; baseline 0.002 -15"><span class='ocrx_word' id='word_1_81' title='bbox 132 1364 276 1402; x_wconf 72' lang='lat' dir='ltr'>tendae</span> <span class='ocrx_word' id='word_1_82' title='bbox 294 1365 458 1416; x_wconf 86' lang='lat' dir='ltr'>puellae.</span> <span class='ocrx_word' id='word_1_83' title='bbox 517 1368 565 1405; x_wconf 82' lang='lat' dir='ltr'>Et</span> <span class='ocrx_word' id='word_1_84' title='bbox 583 1379 631 1409; x_wconf 82' lang='lat' dir='ltr'>es,</span> <span class='ocrx_word' id='word_1_85' title='bbox 664 1364 785 1403; x_wconf 89' lang='lat' dir='ltr'>modo</span> 
     </span>
     <span class='ocr_line' id='line_1_17' title="bbox 133 1419 786 1472; baseline 0 -14"><span class='ocrx_word' id='word_1_86' title='bbox 133 1421 348 1471; x_wconf 79' lang='lat' dir='ltr'>imperatiui</span> <span class='ocrx_word' id='word_1_87' title='bbox 369 1419 487 1459; x_wconf 86' lang='lat' dir='ltr'>modo</span> <span class='ocrx_word' id='word_1_88' title='bbox 508 1419 572 1465; x_wconf 87' lang='lat' dir='ltr'>est,</span> <span class='ocrx_word' id='word_1_89' title='bbox 598 1420 786 1472; x_wconf 78' lang='lat' dir='ltr'>temporis</span> 
     </span>
     <span class='ocr_line' id='line_1_18' title="bbox 134 1473 787 1527; baseline 0.003 -14"><span class='ocrx_word' id='word_1_90' title='bbox 134 1473 352 1527; x_wconf 79' lang='lat' dir='ltr'>praesentis.</span> <span class='ocrx_word' id='word_1_91' title='bbox 411 1479 508 1515; x_wconf 80' lang='lat' dir='ltr'>Nam</span> <span class='ocrx_word' id='word_1_92' title='bbox 534 1474 621 1526; x_wconf 72' lang='lat' dir='ltr'>esto,</span> <span class='ocrx_word' id='word_1_93' title='bbox 666 1475 787 1515; x_wconf 86' lang='lat' dir='ltr'>futuri</span> 
     </span>
     <span class='ocr_line' id='line_1_19' title="bbox 134 1530 786 1586; baseline 0.002 -17"><span class='ocrx_word' id='word_1_94' title='bbox 134 1530 197 1569; x_wconf 85' lang='lat' dir='ltr'>est.</span> <span class='ocrx_word' id='word_1_95' title='bbox 256 1531 378 1571; x_wconf 79' lang='lat' dir='ltr'>Duces</span> <span class='ocrx_word' id='word_1_96' title='bbox 398 1539 567 1586; x_wconf 66' lang='lat' dir='ltr'>vxor-em]</span> <span class='ocrx_word' id='word_1_97' title='bbox 598 1535 722 1574; x_wconf 75' lang='lat' dir='ltr'>Datur</span> <span class='ocrx_word' id='word_1_98' title='bbox 747 1533 786 1570; x_wconf 89' lang='lat' dir='ltr'>in</span> 
     </span>
     <span class='ocr_line' id='line_1_20' title="bbox 134 1586 789 1639; baseline 0.002 -15"><span class='ocrx_word' id='word_1_99' title='bbox 134 1588 264 1626; x_wconf 76' lang='lat' dir='ltr'>vltima</span> <span class='ocrx_word' id='word_1_100' title='bbox 285 1586 571 1639; x_wconf 71' lang='lat' dir='ltr'>obiurgatione,</span> <span class='ocrx_word' id='word_1_101' title='bbox 603 1598 647 1627; x_wconf 84' lang='lat' dir='ltr'>et</span> <span class='ocrx_word' id='word_1_102' title='bbox 665 1586 789 1625; x_wconf 85' lang='lat' dir='ltr'>breui-</span> 
     </span>
     <span class='ocr_line' id='line_1_21' title="bbox 135 1629 788 1695; baseline -0.002 -14"><span class='ocrx_word' id='word_1_103' title='bbox 135 1654 192 1681; x_wconf 81' lang='lat' dir='ltr'>ter</span> <span class='ocrx_word' id='word_1_104' title='bbox 212 1654 251 1681; x_wconf 87' lang='lat' dir='ltr'>et</span> <span class='ocrx_word' id='word_1_105' title='bbox 266 1643 380 1694; x_wconf 82' lang='lat' dir='ltr'>plena</span> <span class='ocrx_word' id='word_1_106' title='bbox 397 1629 583 1682; x_wconf 66' lang='lat' dir='ltr'>securitas.</span> <span class='ocrx_word' id='word_1_107' title='bbox 640 1641 788 1695; x_wconf 65' lang='lat' dir='ltr'>Herm]</span> 
     </span>
     <span class='ocr_line' id='line_1_22' title="bbox 133 1697 787 1751; baseline -0.006 -11"><span class='ocrx_word' id='word_1_108' title='bbox 133 1699 404 1750; x_wconf 72' lang='lat' dir='ltr'>Singtiltientis</span> <span class='ocrx_word' id='word_1_109' title='bbox 438 1698 530 1737; x_wconf 85' lang='lat' dir='ltr'>fletu</span> <span class='ocrx_word' id='word_1_110' title='bbox 573 1709 613 1738; x_wconf 86' lang='lat' dir='ltr'>et</span> <span class='ocrx_word' id='word_1_111' title='bbox 645 1697 787 1751; x_wconf 86' lang='lat' dir='ltr'>gaudio</span> 
     </span>
     <span class='ocr_line' id='line_1_23' title="bbox 134 1754 470 1794; baseline -0.003 -1"><span class='ocrx_word' id='word_1_112' title='bbox 134 1755 229 1793; x_wconf 72' lang='lat' dir='ltr'>dixit</span> <span class='ocrx_word' id='word_1_113' title='bbox 248 1754 362 1794; x_wconf 72' lang='lat' dir='ltr'>Hem!</span> <span class='ocrx_word' id='word_1_114' title='bbox 421 1756 470 1794; x_wconf 90' lang='lat' dir='ltr'>D.</span> 
     </span>
    </p>

    <p class='ocr_par' dir='ltr' id='par_1_9' title="bbox 135 1807 792 2032">
     <span class='ocr_line' id='line_1_24' title="bbox 191 1807 785 1862; baseline -0.002 -13"><span class='ocrx_word' id='word_1_115' title='bbox 191 1813 251 1849; x_wconf 91' lang='lat' dir='ltr'>Ne</span> <span class='ocrx_word' id='word_1_116' title='bbox 282 1807 405 1849; x_wconf 62' lang='lat' dir='ltr'>tensus</span> <span class='ocrx_word' id='word_1_117' title='bbox 426 1810 469 1849; x_wconf 75' lang='lat' dir='ltr'>iit</span> <span class='ocrx_word' id='word_1_118' title='bbox 496 1810 593 1849; x_wconf 88' lang='lat' dir='ltr'>iusto</span> <span class='ocrx_word' id='word_1_119' title='bbox 614 1810 785 1862; x_wconf 83' lang='lat' dir='ltr'>longior,</span> 
     </span>
     <span class='ocr_line' id='line_1_25' title="bbox 137 1863 792 1920; baseline -0.002 -16"><span class='ocrx_word' id='word_1_120' title='bbox 137 1867 229 1905; x_wconf 87' lang='lat' dir='ltr'>tolle</span> <span class='ocrx_word' id='word_1_121' title='bbox 250 1868 366 1912; x_wconf 79' lang='lat' dir='ltr'>Hunc,</span> <span class='ocrx_word' id='word_1_122' title='bbox 392 1866 498 1916; x_wconf 81' lang='lat' dir='ltr'>qnod</span> <span class='ocrx_word' id='word_1_123' title='bbox 519 1881 600 1906; x_wconf 83' lang='lat' dir='ltr'>non</span> <span class='ocrx_word' id='word_1_124' title='bbox 619 1863 792 1920; x_wconf 87' lang='lat' dir='ltr'>agnoscit</span> 
     </span>
     <span class='ocr_line' id='line_1_26' title="bbox 135 1922 790 1974; baseline -0.002 -12"><span class='ocrx_word' id='word_1_125' title='bbox 135 1926 322 1962; x_wconf 83' lang='lat' dir='ltr'>Donatus.</span> <span class='ocrx_word' id='word_1_126' title='bbox 353 1923 447 1962; x_wconf 82' lang='lat' dir='ltr'>Satis</span> <span class='ocrx_word' id='word_1_127' title='bbox 458 1922 662 1970; x_wconf 84' lang='lat' dir='ltr'>constabat,</span> <span class='ocrx_word' id='word_1_128' title='bbox 675 1935 790 1974; x_wconf 81' lang='lat' dir='ltr'>quam</span> 
     </span>
     <span class='ocr_line' id='line_1_27' title="bbox 137 1979 665 2032; baseline 0.008 -17"><span class='ocrx_word' id='word_1_129' title='bbox 137 1991 293 2016; x_wconf 75' lang='lat' dir='ltr'>vitorem</span> <span class='ocrx_word' id='word_1_130' title='bbox 318 1979 565 2032; x_wconf 81' lang='lat' dir='ltr'>intelligeret.</span> <span class='ocrx_word' id='word_1_131' title='bbox 623 1982 665 2019; x_wconf 90' lang='lat' dir='ltr'>B.</span> 
     </span>
    </p>

    <p class='ocr_par' dir='ltr' id='par_1_10' title="bbox 135 2032 794 2757">
     <span class='ocr_line' id='line_1_28' title="bbox 191 2032 788 2085; baseline -0.003 -11"><span class='ocrx_word' id='word_1_132' title='bbox 191 2036 241 2085; x_wconf 86' lang='lat'>63</span> <span class='ocrx_word' id='word_1_133' title='bbox 275 2032 515 2084; x_wconf 76' lang='lat' dir='ltr'>Obficronon</span> <span class='ocrx_word' id='word_1_134' title='bbox 535 2035 682 2075; x_wconf 66' lang='lat' dir='ltr'>lucusta</span> <span class='ocrx_word' id='word_1_135' title='bbox 694 2045 788 2073; x_wconf 81' lang='lat' dir='ltr'>nune</span> 
     </span>
     <span class='ocr_line' id='line_1_29' title="bbox 135 2088 790 2140; baseline 0.002 -13"><span class='ocrx_word' id='word_1_136' title='bbox 135 2094 202 2140; x_wconf 77' lang='lat' dir='ltr'>mc]</span> <span class='ocrx_word' id='word_1_137' title='bbox 242 2088 412 2131; x_wconf 82' lang='lat' dir='ltr'>Moestus</span> <span class='ocrx_word' id='word_1_138' title='bbox 438 2092 613 2130; x_wconf 78' lang='lat' dir='ltr'>amatoris</span> <span class='ocrx_word' id='word_1_139' title='bbox 639 2091 790 2130; x_wconf 87' lang='lat' dir='ltr'>animus</span> 
     </span>
     <span class='ocr_line' id='line_1_30' title="bbox 138 2143 791 2199; baseline 0.003 -17"><span class='ocrx_word' id='word_1_140' title='bbox 138 2145 338 2185; x_wconf 72' lang='lat' dir='ltr'>iudenwm</span> <span class='ocrx_word' id='word_1_141' title='bbox 362 2143 456 2184; x_wconf 79' lang='lat' dir='ltr'>serio</span> <span class='ocrx_word' id='word_1_142' title='bbox 479 2147 584 2199; x_wconf 86' lang='lat' dir='ltr'>loqui</span> <span class='ocrx_word' id='word_1_143' title='bbox 608 2146 791 2186; x_wconf 88' lang='lat' dir='ltr'>credidit:</span> 
     </span>
     <span class='ocr_line' id='line_1_31' title="bbox 138 2201 792 2255; baseline 0.003 -17"><span class='ocrx_word' id='word_1_144' title='bbox 138 2214 224 2240; x_wconf 75' lang='lat' dir='ltr'>vera</span> <span class='ocrx_word' id='word_1_145' title='bbox 264 2201 482 2250; x_wconf 84' lang='lat' dir='ltr'>dicentem,</span> <span class='ocrx_word' id='word_1_146' title='bbox 531 2204 623 2254; x_wconf 89' lang='lat' dir='ltr'>quia</span> <span class='ocrx_word' id='word_1_147' title='bbox 661 2212 792 2255; x_wconf 85' lang='lat' dir='ltr'>optata</span> 
     </span>
     <span class='ocr_line' id='line_1_32' title="bbox 139 2255 792 2309; baseline -0.002 -13"><span class='ocrx_word' id='word_1_148' title='bbox 139 2255 237 2303; x_wconf 85' lang='lat' dir='ltr'>sunt,</span> <span class='ocrx_word' id='word_1_149' title='bbox 261 2268 367 2309; x_wconf 84' lang='lat' dir='ltr'>putat</span> <span class='ocrx_word' id='word_1_150' title='bbox 387 2258 524 2299; x_wconf 86' lang='lat' dir='ltr'>ludere</span> <span class='ocrx_word' id='word_1_151' title='bbox 542 2272 659 2298; x_wconf 87' lang='lat' dir='ltr'>nunc.</span> <span class='ocrx_word' id='word_1_152' title='bbox 706 2261 792 2298; x_wconf 89' lang='lat' dir='ltr'>Pot-</span> 
     </span>
     <span class='ocr_line' id='line_1_33' title="bbox 137 2312 790 2361; baseline 0.002 -11"><span class='ocrx_word' id='word_1_153' title='bbox 137 2312 191 2351; x_wconf 84' lang='lat' dir='ltr'>est</span> <span class='ocrx_word' id='word_1_154' title='bbox 220 2325 258 2350; x_wconf 88' lang='lat' dir='ltr'>et</span> <span class='ocrx_word' id='word_1_155' title='bbox 280 2313 328 2351; x_wconf 90' lang='lat' dir='ltr'>ob</span> <span class='ocrx_word' id='word_1_156' title='bbox 353 2313 452 2353; x_wconf 84' lang='lat' dir='ltr'>hanc</span> <span class='ocrx_word' id='word_1_157' title='bbox 481 2313 627 2354; x_wconf 80' lang='lat' dir='ltr'>causam</span> <span class='ocrx_word' id='word_1_158' title='bbox 649 2315 790 2361; x_wconf 81' lang='lat' dir='ltr'>dicere,</span> 
     </span>
     <span class='ocr_line' id='line_1_34' title="bbox 141 2370 792 2421; baseline -0.003 -13"><span class='ocrx_word' id='word_1_159' title='bbox 141 2370 256 2408; x_wconf 61' lang='lat' dir='ltr'>Ludis</span> <span class='ocrx_word' id='word_1_160' title='bbox 276 2382 314 2407; x_wconf 76' lang='lat' dir='ltr'>tu</span> <span class='ocrx_word' id='word_1_161' title='bbox 339 2383 392 2408; x_wconf 87' lang='lat' dir='ltr'>me</span> <span class='ocrx_word' id='word_1_162' title='bbox 413 2383 527 2418; x_wconf 83' lang='lat' dir='ltr'>nunc,</span> <span class='ocrx_word' id='word_1_163' title='bbox 567 2370 668 2421; x_wconf 83' lang='lat' dir='ltr'>quod</span> <span class='ocrx_word' id='word_1_164' title='bbox 692 2382 792 2408; x_wconf 87' lang='lat' dir='ltr'>nun-</span> 
     </span>
     <span class='ocr_line' id='line_1_35' title="bbox 138 2424 790 2480; baseline 0.002 -19"><span class='ocrx_word' id='word_1_165' title='bbox 138 2438 249 2476; x_wconf 84' lang='lat' dir='ltr'>quam</span> <span class='ocrx_word' id='word_1_166' title='bbox 272 2438 358 2464; x_wconf 82' lang='lat' dir='ltr'>eum</span> <span class='ocrx_word' id='word_1_167' title='bbox 378 2437 490 2466; x_wconf 78' lang='lat' dir='ltr'>antea</span> <span class='ocrx_word' id='word_1_168' title='bbox 513 2424 654 2468; x_wconf 82' lang='lat' dir='ltr'>luserit,</span> <span class='ocrx_word' id='word_1_169' title='bbox 710 2425 790 2480; x_wconf 83' lang='lat' dir='ltr'>Ego</span> 
     </span>
     <span class='ocr_line' id='line_1_36' title="bbox 140 2481 793 2536; baseline -0.002 -17"><span class='ocrx_word' id='word_1_170' title='bbox 140 2485 201 2519; x_wconf 73' lang='lat' dir='ltr'>te!</span> <span class='ocrx_word' id='word_1_171' title='bbox 244 2483 495 2536; x_wconf 74' lang='lat' dir='ltr'>quamobrem]</span> <span class='ocrx_word' id='word_1_172' title='bbox 546 2485 694 2533; x_wconf 72' lang='lat' dir='ltr'>Magna</span> <span class='ocrx_word' id='word_1_173' title='bbox 738 2481 793 2519; x_wconf 71' lang='lat' dir='ltr'>vis</span> 
     </span>
     <span class='ocr_line' id='line_1_37' title="bbox 139 2536 793 2589; baseline 0 -15"><span class='ocrx_word' id='word_1_174' title='bbox 139 2537 414 2589; x_wconf 77' lang='lat' dir='ltr'>pronominum</span> <span class='ocrx_word' id='word_1_175' title='bbox 447 2551 511 2578; x_wconf 78' lang='lat' dir='ltr'>cur</span> <span class='ocrx_word' id='word_1_176' title='bbox 548 2552 628 2577; x_wconf 86' lang='lat' dir='ltr'>non</span> <span class='ocrx_word' id='word_1_177' title='bbox 662 2536 793 2581; x_wconf 76' lang='lat' dir='ltr'>ludat3</span> 
     </span>
     <span class='ocr_line' id='line_1_38' title="bbox 139 2593 792 2642; baseline 0 -12"><span class='ocrx_word' id='word_1_178' title='bbox 139 2593 276 2642; x_wconf 85' lang='lat' dir='ltr'>quibus</span> <span class='ocrx_word' id='word_1_179' title='bbox 304 2603 341 2629; x_wconf 86' lang='lat' dir='ltr'>et</span> <span class='ocrx_word' id='word_1_180' title='bbox 373 2594 520 2634; x_wconf 68' lang='lat' dir='ltr'>accessit</span> <span class='ocrx_word' id='word_1_181' title='bbox 541 2593 792 2632; x_wconf 73' lang='lat' dir='ltr'>confidet-atio</span> 
     </span>
     <span class='ocr_line' id='line_1_39' title="bbox 142 2648 794 2703; baseline 0.002 -17"><span class='ocrx_word' id='word_1_182' title='bbox 142 2650 208 2686; x_wconf 84' lang='lat' dir='ltr'>rei.</span> <span class='ocrx_word' id='word_1_183' title='bbox 267 2652 362 2688; x_wconf 75' lang='lat' dir='ltr'>Nam</span> <span class='ocrx_word' id='word_1_184' title='bbox 384 2650 506 2700; x_wconf 79' lang='lat' dir='ltr'>primo</span> <span class='ocrx_word' id='word_1_185' title='bbox 530 2649 618 2703; x_wconf 76' lang='lat' dir='ltr'><strong><em>Ego,</em></strong></span> <span class='ocrx_word' id='word_1_186' title='bbox 646 2648 794 2687; x_wconf 80' lang='lat' dir='ltr'>deinde</span> 
     </span>
     <span class='ocr_line' id='line_1_40' title="bbox 140 2701 794 2757; baseline -0.005 -13"><span class='ocrx_word' id='word_1_187' title='bbox 140 2703 210 2752; x_wconf 82' lang='lat' dir='ltr'>Te,</span> <span class='ocrx_word' id='word_1_188' title='bbox 243 2701 390 2744; x_wconf 89' lang='lat' dir='ltr'>deinde</span> <span class='ocrx_word' id='word_1_189' title='bbox 426 2703 556 2744; x_wconf 75' lang='lat' dir='ltr'>causae</span> <span class='ocrx_word' id='word_1_190' title='bbox 583 2704 794 2757; x_wconf 77' lang='lat' dir='ltr'>propofitin.</span> 
     </span>
    </p>
   </div>
   <div class='ocr_carea' id='block_1_8' title="bbox 1389 937 1490 983">
    <p class='ocr_par' dir='ltr' id='par_1_11' title="bbox 1389 937 1490 983">
     <span class='ocr_line' id='line_1_41' title="bbox 1389 937 1490 983; baseline -0.02 0"><span class='ocrx_word' id='word_1_191' title='bbox 1389 937 1490 983; x_wconf 68' lang='lat' dir='ltr'>Aa.</span> 
     </span>
    </p>
   </div>
   <div class='ocr_carea' id='block_1_9' title="bbox 832 1078 1506 2752">
    <p class='ocr_par' dir='ltr' id='par_1_12' title="bbox 832 1078 1497 1794">
     <span class='ocr_line' id='line_1_42' title="bbox 832 1078 1493 1127; baseline -0.011 -1"><span class='ocrx_word' id='word_1_192' title='bbox 832 1086 885 1126; x_wconf 67' lang='lat' dir='ltr'>Et</span> <span class='ocrx_word' id='word_1_193' title='bbox 911 1081 1014 1127; x_wconf 68' lang='grc' dir='ltr'>κᾶε</span> <span class='ocrx_word' id='word_1_194' title='bbox 1040 1079 1169 1123; x_wconf 76' lang='lat' dir='ltr'>Ludis.</span> <span class='ocrx_word' id='word_1_195' title='bbox 1223 1078 1287 1122; x_wconf 75' lang='lat' dir='ltr'>Est</span> <span class='ocrx_word' id='word_1_196' title='bbox 1315 1079 1424 1120; x_wconf 83' lang='lat' dir='ltr'>enim</span> <span class='ocrx_word' id='word_1_197' title='bbox 1453 1092 1493 1124; x_wconf 67' lang='grc' dir='ltr'>ιο,</span> 
     </span>
     <span class='ocr_line' id='line_1_43' title="bbox 834 1133 1495 1180; baseline -0.011 0"><span class='ocrx_word' id='word_1_198' title='bbox 834 1138 976 1180; x_wconf 84' lang='lat' dir='ltr'>mantis</span> <span class='ocrx_word' id='word_1_199' title='bbox 995 1139 1034 1178; x_wconf 87' lang='lat' dir='ltr'>in</span> <span class='ocrx_word' id='word_1_200' title='bbox 1051 1133 1190 1178; x_wconf 81' lang='lat' dir='ltr'>falsum</span> <span class='ocrx_word' id='word_1_201' title='bbox 1207 1145 1356 1177; x_wconf 80' lang='lat' dir='ltr'>metum</span> <span class='ocrx_word' id='word_1_202' title='bbox 1373 1135 1495 1175; x_wconf 83' lang='lat' dir='ltr'>conii·</span> 
     </span>
     <span class='ocr_line' id='line_1_44' title="bbox 834 1192 1494 1243; baseline -0.009 -8"><span class='ocrx_word' id='word_1_203' title='bbox 834 1206 926 1236; x_wconf 88' lang='lat' dir='ltr'>cere</span> <span class='ocrx_word' id='word_1_204' title='bbox 947 1194 1182 1235; x_wconf 82' lang='lat' dir='ltr'>imminente</span> <span class='ocrx_word' id='word_1_205' title='bbox 1202 1192 1349 1232; x_wconf 79' lang='lat' dir='ltr'>laetitia</span> <span class='ocrx_word' id='word_1_206' title='bbox 1362 1221 1371 1238; x_wconf 94' lang='lat'>‚</span> <span class='ocrx_word' id='word_1_207' title='bbox 1401 1203 1494 1243; x_wconf 78' lang='lat' dir='ltr'><strong>qua·</strong></span> 
     </span>
     <span class='ocr_line' id='line_1_45' title="bbox 835 1248 1494 1293; baseline -0.011 0"><span class='ocrx_word' id='word_1_208' title='bbox 835 1252 930 1293; x_wconf 84' lang='lat' dir='ltr'>libet</span> <span class='ocrx_word' id='word_1_209' title='bbox 971 1248 1180 1290; x_wconf 78' lang='lat' dir='ltr'>sententia:</span> <span class='ocrx_word' id='word_1_210' title='bbox 1217 1248 1368 1287; x_wconf 87' lang='lat' dir='ltr'>inimici</span> <span class='ocrx_word' id='word_1_211' title='bbox 1398 1258 1494 1286; x_wconf 85' lang='lat' dir='ltr'>vero</span> 
     </span>
     <span class='ocr_line' id='line_1_46' title="bbox 836 1303 1494 1360; baseline -0.008 -13"><span class='ocrx_word' id='word_1_212' title='bbox 836 1309 876 1347; x_wconf 91' lang='lat' dir='ltr'>in</span> <span class='ocrx_word' id='word_1_213' title='bbox 899 1303 1032 1347; x_wconf 80' lang='lat' dir='ltr'>falsum</span> <span class='ocrx_word' id='word_1_214' title='bbox 1051 1305 1238 1360; x_wconf 84' lang='lat' dir='ltr'>gaudium</span> <span class='ocrx_word' id='word_1_215' title='bbox 1256 1314 1494 1356; x_wconf 83' lang='lat' dir='ltr'>quemquam</span> 
     </span>
     <span class='ocr_line' id='line_1_47' title="bbox 836 1359 1497 1416; baseline -0.009 -13"><span class='ocrx_word' id='word_1_216' title='bbox 836 1363 1054 1416; x_wconf 85' lang='lat' dir='ltr'>impellere,</span> <span class='ocrx_word' id='word_1_217' title='bbox 1076 1359 1142 1402; x_wconf 89' lang='lat' dir='ltr'>sub</span> <span class='ocrx_word' id='word_1_218' title='bbox 1164 1361 1327 1400; x_wconf 78' lang='lat' dir='ltr'>alicuius</span> <span class='ocrx_word' id='word_1_219' title='bbox 1344 1371 1497 1399; x_wconf 84' lang='lat' dir='ltr'>moero-</span> 
     </span>
     <span class='ocr_line' id='line_1_48' title="bbox 836 1412 1495 1469; baseline -0.002 -11"><span class='ocrx_word' id='word_1_220' title='bbox 836 1421 885 1458; x_wconf 87' lang='lat' dir='ltr'>ris</span> <span class='ocrx_word' id='word_1_221' title='bbox 904 1418 1130 1457; x_wconf 74' lang='lat' dir='ltr'>aduentum.</span> <span class='ocrx_word' id='word_1_222' title='bbox 1160 1428 1200 1456; x_wconf 91' lang='lat' dir='ltr'>et</span> <span class='ocrx_word' id='word_1_223' title='bbox 1215 1415 1305 1456; x_wconf 84' lang='lat' dir='ltr'>ideo</span> <span class='ocrx_word' id='word_1_224' title='bbox 1318 1424 1438 1469; x_wconf 87' lang='lat' dir='ltr'>negat</span> <span class='ocrx_word' id='word_1_225' title='bbox 1454 1412 1495 1457; x_wconf 72' lang='lat' dir='ltr'>se</span> 
     </span>
     <span class='ocr_line' id='line_1_49' title="bbox 837 1469 1496 1524; baseline -0.006 -10"><span class='ocrx_word' id='word_1_226' title='bbox 837 1475 957 1516; x_wconf 88' lang='lat' dir='ltr'>Micio</span> <span class='ocrx_word' id='word_1_227' title='bbox 976 1475 1027 1514; x_wconf 80' lang='lat' dir='ltr'>in&#39;</span> <span class='ocrx_word' id='word_1_228' title='bbox 1038 1472 1109 1513; x_wconf 78' lang='lat' dir='ltr'>hac</span> <span class='ocrx_word' id='word_1_229' title='bbox 1120 1483 1228 1524; x_wconf 86' lang='lat' dir='ltr'>parte</span> <span class='ocrx_word' id='word_1_230' title='bbox 1242 1469 1408 1511; x_wconf 84' lang='lat' dir='ltr'>lusurum</span> <span class='ocrx_word' id='word_1_231' title='bbox 1418 1473 1496 1511; x_wconf 86' lang='lat' dir='ltr'>Ae·</span> 
     </span>
     <span class='ocr_line' id='line_1_50' title="bbox 839 1525 1490 1579; baseline -0.011 -9"><span class='ocrx_word' id='word_1_232' title='bbox 839 1529 1033 1576; x_wconf 85' lang='lat' dir='ltr'>schinum,</span> <span class='ocrx_word' id='word_1_233' title='bbox 1075 1529 1140 1579; x_wconf 86' lang='lat' dir='ltr'>qui</span> <span class='ocrx_word' id='word_1_234' title='bbox 1170 1529 1211 1567; x_wconf 86' lang='lat' dir='ltr'>in</span> <span class='ocrx_word' id='word_1_235' title='bbox 1237 1527 1319 1567; x_wconf 86' lang='lat' dir='ltr'>aliis</span> <span class='ocrx_word' id='word_1_236' title='bbox 1347 1525 1490 1565; x_wconf 79' lang='lat' dir='ltr'>luferit.</span> 
     </span>
     <span class='ocr_line' id='line_1_51' title="bbox 839 1581 1497 1637; baseline -0.012 -11"><span class='ocrx_word' id='word_1_237' title='bbox 839 1584 992 1637; x_wconf 70' lang='grc' dir='ltr'>ΝςῙσὶο]</span> <span class='ocrx_word' id='word_1_238' title='bbox 1021 1581 1215 1637; x_wconf 83' lang='lat' dir='ltr'>Religiose</span> <span class='ocrx_word' id='word_1_239' title='bbox 1230 1582 1325 1622; x_wconf 77' lang='lat' dir='ltr'>dixit</span> <span class='ocrx_word' id='word_1_240' title='bbox 1334 1581 1468 1633; x_wconf 81' lang='lat' dir='ltr'>Nescio</span> <span class='ocrx_word' id='word_1_241' title='bbox 1481 1596 1497 1618; x_wconf 72' lang='lat' dir='ltr'>a</span> 
     </span>
     <span class='ocr_line' id='line_1_52' title="bbox 839 1635 1497 1693; baseline -0.006 -13"><span class='ocrx_word' id='word_1_242' title='bbox 839 1640 944 1693; x_wconf 78' lang='lat' dir='ltr'>quali</span> <span class='ocrx_word' id='word_1_243' title='bbox 965 1652 1046 1679; x_wconf 89' lang='lat' dir='ltr'>non</span> <span class='ocrx_word' id='word_1_244' title='bbox 1065 1636 1108 1678; x_wconf 74' lang='lat' dir='ltr'>iit</span> <span class='ocrx_word' id='word_1_245' title='bbox 1124 1639 1242 1686; x_wconf 81' lang='lat' dir='ltr'>ratio,</span> <span class='ocrx_word' id='word_1_246' title='bbox 1272 1635 1391 1690; x_wconf 82' lang='lat' dir='ltr'>q&#39;uare</span> <span class='ocrx_word' id='word_1_247' title='bbox 1412 1650 1497 1676; x_wconf 85' lang='lat' dir='ltr'>non</span> 
     </span>
     <span class='ocr_line' id='line_1_53' title="bbox 839 1691 1496 1748; baseline -0.008 -11"><span class='ocrx_word' id='word_1_248' title='bbox 839 1696 969 1737; x_wconf 88' lang='lat' dir='ltr'>credat</span> <span class='ocrx_word' id='word_1_249' title='bbox 986 1695 1098 1748; x_wconf 84' lang='lat' dir='ltr'>patri,</span> <span class='ocrx_word' id='word_1_250' title='bbox 1131 1694 1309 1746; x_wconf 86' lang='lat' dir='ltr'>quamuis</span> <span class='ocrx_word' id='word_1_251' title='bbox 1328 1691 1496 1733; x_wconf 80' lang='lat' dir='ltr'>subiece-</span> 
     </span>
     <span class='ocr_line' id='line_1_54' title="bbox 838 1751 1172 1794; baseline -0.012 0"><span class='ocrx_word' id='word_1_252' title='bbox 838 1755 886 1794; x_wconf 87' lang='lat' dir='ltr'>rit</span> <span class='ocrx_word' id='word_1_253' title='bbox 910 1751 1068 1791; x_wconf 82' lang='lat' dir='ltr'>causam.</span> <span class='ocrx_word' id='word_1_254' title='bbox 1122 1753 1172 1792; x_wconf 89' lang='lat' dir='ltr'>D.</span> 
     </span>
    </p>

    <p class='ocr_par' dir='ltr' id='par_1_13' title="bbox 840 1805 1496 1905">
     <span class='ocr_line' id='line_1_55' title="bbox 895 1805 1496 1860; baseline -0.008 -12"><span class='ocrx_word' id='word_1_255' title='bbox 895 1807 1075 1860; x_wconf 79' lang='lat' dir='ltr'><em>Obficro!</em></span> <span class='ocrx_word' id='word_1_256' title='bbox 1114 1819 1190 1848; x_wconf 83' lang='lat' dir='ltr'>non</span> <span class='ocrx_word' id='word_1_257' title='bbox 1218 1805 1333 1855; x_wconf 73' lang='lat' dir='ltr'>ludis]</span> <span class='ocrx_word' id='word_1_258' title='bbox 1364 1805 1496 1847; x_wconf 91' lang='lat' dir='ltr'>Diom.</span> 
     </span>
     <span class='ocr_line' id='line_1_56' title="bbox 840 1865 1048 1905; baseline 0.005 -1"><span class='ocrx_word' id='word_1_259' title='bbox 840 1865 906 1905; x_wconf 87' lang='lat' dir='ltr'>lib.</span> <span class='ocrx_word' id='word_1_260' title='bbox 926 1878 955 1904; x_wconf 80' lang='grc' dir='ltr'>ι.</span> <span class='ocrx_word' id='word_1_261' title='bbox 1010 1867 1048 1905; x_wconf 85' lang='lat' dir='ltr'>L.</span> 
     </span>
    </p>

    <p class='ocr_par' dir='ltr' id='par_1_14' title="bbox 841 1917 1497 2018">
     <span class='ocr_line' id='line_1_57' title="bbox 896 1917 1497 1961; baseline -0.012 0"><span class='ocrx_word' id='word_1_262' title='bbox 896 1921 973 1961; x_wconf 82' lang='lat' dir='ltr'>Pro</span> <span class='ocrx_word' id='word_1_263' title='bbox 995 1920 1089 1960; x_wconf 83' lang='lat' dir='ltr'>Non</span> <span class='ocrx_word' id='word_1_264' title='bbox 1109 1918 1249 1958; x_wconf 73' lang='lat' dir='ltr'>refflus</span> <span class='ocrx_word' id='word_1_265' title='bbox 1269 1917 1394 1958; x_wconf 91' lang='lat' dir='ltr'>Bentl.</span> <span class='ocrx_word' id='word_1_266' title='bbox 1409 1928 1497 1955; x_wconf 87' lang='lat' dir='ltr'>cum</span> 
     </span>
     <span class='ocr_line' id='line_1_58' title="bbox 841 1974 1374 2018; baseline -0.008 0"><span class='ocrx_word' id='word_1_267' title='bbox 841 1979 990 2018; x_wconf 78' lang='lat' dir='ltr'>Faerno</span> <span class='ocrx_word' id='word_1_268' title='bbox 1009 1974 1134 2016; x_wconf 87' lang='lat' dir='ltr'>edidit</span> <span class='ocrx_word' id='word_1_269' title='bbox 1152 1974 1271 2014; x_wconf 83' lang='lat' dir='ltr'><em>Num.</em></span> <span class='ocrx_word' id='word_1_270' title='bbox 1331 1976 1374 2014; x_wconf 88' lang='lat' dir='ltr'>Z.</span> 
     </span>
    </p>

    <p class='ocr_par' dir='ltr' id='par_1_15' title="bbox 838 2026 1499 2352">
     <span class='ocr_line' id='line_1_59' title="bbox 894 2026 1497 2088; baseline -0.01 -17"><span class='ocrx_word' id='word_1_271' title='bbox 894 2037 950 2087; x_wconf 85' lang='lat'>64</span> <span class='ocrx_word' id='word_1_272' title='bbox 978 2033 1084 2088; x_wconf 73' lang='lat' dir='ltr'>Qia</span> <span class='ocrx_word' id='word_1_273' title='bbox 1104 2044 1180 2070; x_wconf 75' lang='lat' dir='ltr'>um</span> <span class='ocrx_word' id='word_1_274' title='bbox 1199 2029 1326 2081; x_wconf 72' lang='lat' dir='ltr'>msere</span> <span class='ocrx_word' id='word_1_275' title='bbox 1351 2026 1419 2066; x_wconf 82' lang='lat' dir='ltr'>boc</span> <span class='ocrx_word' id='word_1_276' title='bbox 1436 2038 1497 2067; x_wconf 78' lang='lat' dir='ltr'>cu-</span> 
     </span>
     <span class='ocr_line' id='line_1_60' title="bbox 838 2084 1498 2143; baseline -0.011 -15"><span class='ocrx_word' id='word_1_277' title='bbox 838 2093 900 2143; x_wconf 79' lang='lat' dir='ltr'>pio</span> <span class='ocrx_word' id='word_1_278' title='bbox 920 2087 1140 2142; x_wconf 82' lang='lat' dir='ltr'>effeverum]</span> <span class='ocrx_word' id='word_1_279' title='bbox 1170 2090 1242 2127; x_wconf 85' lang='lat' dir='ltr'>Pro</span> <span class='ocrx_word' id='word_1_280' title='bbox 1252 2085 1387 2124; x_wconf 87' lang='lat' dir='ltr'>nimis:</span> <span class='ocrx_word' id='word_1_281' title='bbox 1407 2084 1498 2134; x_wconf 82' lang='lat' dir='ltr'>quia</span> 
     </span>
     <span class='ocr_line' id='line_1_61' title="bbox 842 2140 1499 2192; baseline -0.012 -7"><span class='ocrx_word' id='word_1_282' title='bbox 842 2146 963 2185; x_wconf 87' lang='lat' dir='ltr'>nimia</span> <span class='ocrx_word' id='word_1_283' title='bbox 981 2141 1151 2184; x_wconf 83' lang='lat' dir='ltr'>miseria:</span> <span class='ocrx_word' id='word_1_284' title='bbox 1183 2153 1234 2192; x_wconf 89' lang='lat' dir='ltr'>vt,</span> <span class='ocrx_word' id='word_1_285' title='bbox 1254 2142 1315 2181; x_wconf 89' lang='lat' dir='ltr'>Ne</span> <span class='ocrx_word' id='word_1_286' title='bbox 1332 2140 1424 2192; x_wconf 79' lang='lat' dir='ltr'>quid</span> <span class='ocrx_word' id='word_1_287' title='bbox 1444 2141 1499 2178; x_wconf 82' lang='lat' dir='ltr'>m&#39;·</span> 
     </span>
     <span class='ocr_line' id='line_1_62' title="bbox 840 2195 1498 2249; baseline -0.014 -8"><span class='ocrx_word' id='word_1_288' title='bbox 840 2206 919 2241; x_wconf 76' lang='lat' dir='ltr'>mis.</span> <span class='ocrx_word' id='word_1_289' title='bbox 949 2200 1023 2241; x_wconf 89' lang='lat' dir='ltr'>hoc</span> <span class='ocrx_word' id='word_1_290' title='bbox 1046 2199 1152 2238; x_wconf 85' lang='lat' dir='ltr'>enim</span> <span class='ocrx_word' id='word_1_291' title='bbox 1173 2208 1322 2249; x_wconf 77' lang='lat' dir='ltr'>putant,</span> <span class='ocrx_word' id='word_1_292' title='bbox 1342 2196 1409 2246; x_wconf 88' lang='lat' dir='ltr'>qui</span> <span class='ocrx_word' id='word_1_293' title='bbox 1428 2195 1498 2233; x_wconf 81' lang='lat' dir='ltr'>vir-</span> 
     </span>
     <span class='ocr_line' id='line_1_63' title="bbox 840 2249 1498 2297; baseline -0.015 0"><span class='ocrx_word' id='word_1_294' title='bbox 840 2269 940 2297; x_wconf 85' lang='lat' dir='ltr'>tutes</span> <span class='ocrx_word' id='word_1_295' title='bbox 968 2255 1256 2295; x_wconf 81' lang='lat' dir='ltr'>mediocritates</span> <span class='ocrx_word' id='word_1_296' title='bbox 1287 2249 1365 2292; x_wconf 83' lang='lat' dir='ltr'>effe</span> <span class='ocrx_word' id='word_1_297' title='bbox 1391 2250 1498 2289; x_wconf 82' lang='lat' dir='ltr'>dixe-</span> 
     </span>
     <span class='ocr_line' id='line_1_64' title="bbox 840 2314 1045 2352; baseline -0.015 0"><span class='ocrx_word' id='word_1_298' title='bbox 840 2327 909 2352; x_wconf 80' lang='lat' dir='ltr'>tun</span> <span class='ocrx_word' id='word_1_299' title='bbox 919 2324 940 2350; x_wconf 90' lang='lat' dir='ltr'>t.</span> <span class='ocrx_word' id='word_1_300' title='bbox 998 2314 1045 2352; x_wconf 95' lang='lat' dir='ltr'>D.</span> 
     </span>
    </p>

    <p class='ocr_par' dir='ltr' id='par_1_16' title="bbox 842 2360 1506 2585">
     <span class='ocr_line' id='line_1_65' title="bbox 894 2360 1506 2415; baseline -0.011 -8"><span class='ocrx_word' id='word_1_301' title='bbox 894 2368 1092 2408; x_wconf 83' lang='lat' dir='ltr'>Librorum</span> <span class='ocrx_word' id='word_1_302' title='bbox 1127 2362 1373 2415; x_wconf 78' lang='lat' dir='ltr'>quorundam</span> <span class='ocrx_word' id='word_1_303' title='bbox 1411 2360 1506 2413; x_wconf 64' lang='lat' dir='ltr'>Nisa*</span> 
     </span>
     <span class='ocr_line' id='line_1_66' title="bbox 842 2417 1499 2478; baseline -0.006 -17"><span class='ocrx_word' id='word_1_304' title='bbox 842 2427 939 2478; x_wconf 83' lang='lat' dir='ltr'>quia,</span> <span class='ocrx_word' id='word_1_305' title='bbox 962 2431 1096 2461; x_wconf 89' lang='lat' dir='ltr'>onerat</span> <span class='ocrx_word' id='word_1_306' title='bbox 1114 2417 1274 2459; x_wconf 84' lang='lat' dir='ltr'>versum.</span> <span class='ocrx_word' id='word_1_307' title='bbox 1330 2419 1499 2460; x_wconf 84' lang='lat' dir='ltr'>Eiicien-</span> 
     </span>
     <span class='ocr_line' id='line_1_67' title="bbox 843 2474 1500 2532; baseline -0.011 -14"><span class='ocrx_word' id='word_1_308' title='bbox 843 2480 934 2518; x_wconf 83' lang='lat' dir='ltr'>dum</span> <span class='ocrx_word' id='word_1_309' title='bbox 956 2492 1053 2531; x_wconf 82' lang='lat' dir='ltr'>ergo</span> <span class='ocrx_word' id='word_1_310' title='bbox 1072 2476 1127 2515; x_wconf 90' lang='lat' dir='ltr'>est</span> <span class='ocrx_word' id='word_1_311' title='bbox 1137 2477 1251 2532; x_wconf 70' lang='lat' dir='ltr'>Qia.</span> <span class='ocrx_word' id='word_1_312' title='bbox 1306 2474 1412 2516; x_wconf 88' lang='lat' dir='ltr'>Vide</span> <span class='ocrx_word' id='word_1_313' title='bbox 1426 2487 1500 2512; x_wconf 75' lang='lat' dir='ltr'>nos</span> 
     </span>
     <span class='ocr_line' id='line_1_68' title="bbox 844 2532 1334 2585; baseline -0.01 -9"><span class='ocrx_word' id='word_1_314' title='bbox 844 2536 890 2575; x_wconf 87' lang='lat' dir='ltr'>ad</span> <span class='ocrx_word' id='word_1_315' title='bbox 911 2536 1012 2576; x_wconf 75' lang='lat' dir='ltr'>And.</span> <span class='ocrx_word' id='word_1_316' title='bbox 1039 2546 1094 2579; x_wconf 77' lang='lat' dir='ltr'>lv,</span> <span class='ocrx_word' id='word_1_317' title='bbox 1117 2545 1148 2578; x_wconf 86' lang='lat'>1,</span> <span class='ocrx_word' id='word_1_318' title='bbox 1171 2543 1237 2585; x_wconf 86' lang='lat'>39.</span> <span class='ocrx_word' id='word_1_319' title='bbox 1290 2532 1334 2572; x_wconf 85' lang='grc' dir='ltr'>Β.</span> 
     </span>
    </p>

    <p class='ocr_par' dir='ltr' id='par_1_17' title="bbox 844 2587 1503 2752">
     <span class='ocr_line' id='line_1_69' title="bbox 898 2587 1501 2642; baseline -0.013 -12"><span class='ocrx_word' id='word_1_320' title='bbox 898 2595 952 2642; x_wconf 83' lang='lat'>65</span> <span class='ocrx_word' id='word_1_321' title='bbox 982 2591 1057 2629; x_wconf 80' lang='lat' dir='ltr'>Abi</span> <span class='ocrx_word' id='word_1_322' title='bbox 1070 2590 1224 2635; x_wconf 84' lang='lat' dir='ltr'><em>domum,</em></span> <span class='ocrx_word' id='word_1_323' title='bbox 1244 2600 1285 2626; x_wconf 85' lang='lat' dir='ltr'>ac</span> <span class='ocrx_word' id='word_1_324' title='bbox 1296 2587 1395 2626; x_wconf 76' lang='lat' dir='ltr'><em>Deos</em></span> <span class='ocrx_word' id='word_1_325' title='bbox 1407 2598 1501 2623; x_wconf 86' lang='lat' dir='ltr'><em>com-</em></span> 
     </span>
     <span class='ocr_line' id='line_1_70' title="bbox 844 2638 1502 2698; baseline -0.009 -14"><span class='ocrx_word' id='word_1_326' title='bbox 844 2646 1007 2698; x_wconf 77' lang='lat' dir='ltr'>precare]</span> <span class='ocrx_word' id='word_1_327' title='bbox 1052 2648 1220 2697; x_wconf 78' lang='lat' dir='ltr'>Magnus</span> <span class='ocrx_word' id='word_1_328' title='bbox 1260 2643 1410 2682; x_wconf 82' lang='lat' dir='ltr'>institor</span> <span class='ocrx_word' id='word_1_329' title='bbox 1447 2638 1502 2679; x_wconf 79' lang='lat' dir='ltr'>sui</span> 
     </span>
     <span class='ocr_line' id='line_1_71' title="bbox 847 2700 1503 2752; baseline -0.009 -13"><span class='ocrx_word' id='word_1_330' title='bbox 847 2702 1026 2740; x_wconf 66' lang='lat' dir='ltr'>beneficii</span> <span class='ocrx_word' id='word_1_331' title='bbox 1045 2700 1111 2747; x_wconf 74' lang='lat' dir='ltr'>ost,</span> <span class='ocrx_word' id='word_1_332' title='bbox 1137 2701 1202 2752; x_wconf 83' lang='lat' dir='ltr'>qui</span> <span class='ocrx_word' id='word_1_333' title='bbox 1224 2714 1245 2738; x_wconf 80' lang='lat' dir='ltr'>a</span> <span class='ocrx_word' id='word_1_334' title='bbox 1262 2700 1345 2740; x_wconf 86' lang='lat' dir='ltr'>Diis</span> <span class='ocrx_word' id='word_1_335' title='bbox 1367 2708 1503 2750; x_wconf 80' lang='lat' dir='ltr'>peten-</span> 
     </span>
    </p>
   </div>
   <div class='ocr_carea' id='block_1_10' title="bbox 1406 2752 1500 2793">
    <p class='ocr_par' dir='ltr' id='par_1_18' title="bbox 1406 2752 1500 2793">
     <span class='ocr_line' id='line_1_72' title="bbox 1406 2752 1500 2793; baseline -0.043 1"><span class='ocrx_word' id='word_1_336' title='bbox 1406 2752 1500 2793; x_wconf 67' lang='lat' dir='ltr'>dnum</span> 
     </span>
    </p>
   </div>
  </div>
 </body>
</html>
