1875 3292
844 188 1004 239 ACT.
1037 193 1084 236 11.
1117 191 1308 241 SCEN.
1343 197 1417 240 lv.

591 320 703 390 Rem
731 334 870 384 paene
901 336 950 365 ex
981 321 1146 384 patria?
1177 331 1309 387 turpe
1339 319 1485 369 dian:
1525 322 1629 370 deos
1661 326 1817 388 quaeso

690 406 737 442 vt
759 394 881 442 istaec
904 395 1180 460 prohibeant.

590 466 701 518 C'r.
741 474 931 518 Peccani.
973 471 1074 518 ΑΕ.
1111 471 1217 536 quid
1247 473 1306 518 ait
1338 472 1515 521 tandem
1546 473 1674 522 nobis
1710 480 1818 524 San-

689 548 798 592 nio?
833 546 861 592 S
878 563 919 593 Y·
951 549 1035 592 iam
1057 550 1172 594 mitis
1193 547 1266 596 est.

588 618 632 667 A
647 633 688 666 Ε.
730 625 825 683 Ego
846 622 898 669 ad
918 623 1065 669 forum
1083 623 1171 676 ibo,
1191 637 1238 671 vt
1261 622 1379 670 hunc
1405 622 1642 672 absoluam:
1676 637 1726 673 tu
1748 629 1812 675 in·

685 708 757 744 tro
779 698 830 744 ad
854 698 983 751 illam,
1010 698 1228 765 Ctesipho.

586 768 688 821 SA.
730 777 860 836 Syre,
891 773 1010 822 insta.
1044 773 1131 822 ΒΥ.
1165 789 1342 822 eamus:
1381 791 1572 839 namque
1605 777 1677 824 hic
1708 795 1812 844 pro-

682 862 808 914 perat
829 852 876 896 in
899 854 1112 916 Cyprum.
1147 848 1242 898 SA.
1282 866 1339 897 ne
1362 861 1450 898 tam
1476 851 1676 916 quidem:

1746 921 1806 994 ις

505 1081 549 1112 11
584 1069 680 1109 Pena
703 1081 757 1108 'ex
772 1069 954 1124 patria?]
984 1068 1103 1110 Deest

446 1125 615 1181 Fugere:
643 1126 735 1179 quia
754 1138 939 1166 amatores
963 1127 1100 1166 comici

445 1184 522 1222 cito
559 1183 845 1222 comminantur
870 1183 1032 1234 patriam
1062 1181 1102 1222 se

444 1236 682 1288 deserturos,
710 1249 749 1277 vt
781 1240 921 1277 amicas
941 1237 1099 1290 sequan-

444 1307 516 1336 tur.
571 1295 667 1335 Fene
701 1309 748 1334 ex
768 1295 920 1350 patria]
951 1294 1099 1334 Α’ποσωί.

440 1368 536 1395 πησις
561 1353 753 1397 εὐφημισμέ
772 1357 880 1398 χάριν.
937 1354 1099 1391 Menan-

440 1408 511 1447 der
536 1409 613 1459 (Ex
639 1408 858 1448 conicum-a
886 1410 924 1446 P.
953 1409 1097 1448 Nannii

1152 1080 1261 1121 ptura
1279 1071 1413 1124 magis,
1438 1084 1554 1123 quam
1576 1084 1625 1111 ex
1645 1085 1728 1112 arca
1741 1062 1809 1113 do·

1150 1139 1315 1178 moque,
1341 1127 1522 1174 ve1cista,
1553 1130 1720 1180 pecunia
1736 1143 1807 1168 nu-

1150 1183 1375 1223 merabatur.
1453 1185 1503 1223 Vt
1547 1185 1643 1223 hunc
1686 1185 1808 1236 ahfhl.

1142 1240 1253 1294 uam]
1282 1241 1324 1280 ld
1343 1239 1414 1288 est,
1445 1252 1482 1279 vt
1501 1239 1622 1289 hunc,
1652 1242 1804 1282 reddito

1149 1296 1204 1334 illi
1242 1297 1391 1348 pretio,
1435 1296 1636 1337 dimittam.
1703 1302 1803 1339 Nam

1150 1352 1254 1391 velut
1276 1352 1384 1406 ligati
1402 1348 1497 1400 sunt,
1529 1352 1667 1405 quibus
1685 1353 1804 1393 debe·

1147 1419 1207 1446 tur
1238 1408 1396 1460 aliquid.
1453 1410 1649 1449 Dicuntur
1683 1411 1802 1451 etiam

439 1463 742 1513 rescribendum,
763 1463 954 1516 Diphilus.
996 1463 1097 1503 Vide
1135 1462 1244 1517 firui
1262 1466 1360 1516 (Aut
1375 1463 1464 1503 dele
1471 1464 1588 1515 strui,
1608 1466 1714 1517 quod
1735 1470 1800 1506 W.

439 1522 669 1574 Prologum,
702 1518 795 1559 vers.
827 1523 886 1572 6.)
924 1521 1023 1559 mori
1050 1521 1096 1560 il·
1144 1521 1294 1573 placet3
1321 1531 1388 1560 aut
1407 1533 1558 1571 repone
1575 1524 1649 1574 ipst
1668 1526 1726 1576 Z.)
1744 1523 1802 1564 illi

435 1578 517 1617 lum
544 1574 702 1616 voluiss'e
723 1575 854 1629 fingit:
886 1578 1097 1617 Terentius
1133 1577 1255 1628 Jblue',
1288 1578 1354 1629 qui
1375 1591 1490 1628 quum
1512 1577 1707 1618 debitores
1726 1593 1802 1632 po·

436 1632 586 1686 sugere.
644 1633 765 1686 'l'urpe
793 1634 906 1676 dictu]
943 1636 1004 1672 'se
1033 1632 1092 1672 fu·
1143 1635 1280 1672 tiorum
1310 1632 1521 1683 (Westerh.
1557 1634 1682 1673 edidit
1714 1647 1798 1688 pre-

437 1702 535 1742 gere
557 1687 712 1729 seilicet:
747 1700 785 1728 et
796 1688 903 1727 deest
923 1687 978 1738 est.
1022 1689 1024 1693 ’
1043 1689 1094 1727 Vt
1141 1691 1300 1739 tiorum)
1320 1687 1475 1736 fuerint,
1491 1691 1702 1740 pecuniam
1715 1691 1799 1731 red-

436 1745 521 1797 aestac
543 1744 784 1798 prohibeam]
815 1744 860 1783 ld
886 1743 957 1792 est,
988 1745 1093 1783 exili·
1141 1744 1237 1784 dunt
1267 1744 1446 1784 debitam.
1504 1745 1566 1785 Est
1591 1758 1687 1800 ergo
1718 1746 1796 1787 Ab·

435 1800 739 1854 um,fugamque
752 1801 910 1852 patriae.
969 1800 1020 1840 D.
1123 1802 1288 1852 saluam,
1320 1815 1340 1839 a
1361 1813 1424 1839 me
1443 1797 1596 1840 soluam.
1653 1807 1717 1845 An
1740 1804 1798 1843 io·

487 1859 607 1898 Paene
625 1872 670 1898 ex
683 1857 831 1911 patria]
862 1858 899 1896 Si
912 1857 1018 1896 enim
1043 1857 1087 1895 il·
1137 1868 1243 1897 catur
1275 1859 1314 1895 in
1343 1857 1486 1896 tristitia
1520 1858 1696 1908 lenonis,
1726 1860 1793 1912 qui

432 1915 469 1954 la
496 1912 708 1955 discederet
737 1925 897 1965 propter
924 1927 1087 1964 paruum
1135 1915 1245 1954 illum
1274 1926 1359 1952 cum
1396 1913 1512 1952 barba
1541 1914 1720 1964 lenonia,
1751 1927 1792 1956 et

431 1972 614 2023 pretium,
636 1983 762 2023 paene
781 1982 820 2008 et
841 1981 878 2008 tu
897 1982 1026 2008 amore
1043 1971 1087 2008 in
1136 1969 1283 2009 moesto
1307 1969 1412 2008 vultu
1426 1967 1593 2021 sequitur
1606 1981 1791 2023 tanquam

431 2028 590 2067 exilium
615 2040 809 2079 pergeres.
866 2028 906 2066 Ε.
1136 2024 1260 2068 reus?
1314 2025 1370 2065 Tu
1390 2028 1495 2064 intro
1516 2027 1565 2065 ad
1581 2026 1689 2074 illam,
1708 2029 1791 2068 Cte-

484 2083 704 2131 Bembinus,
720 2095 858 2134 pamee
869 2083 1011 2134 patria.
1042 2085 1090 2122 B.
1124 2082 1252 2136 fiphv]
1283 2085 1392 2122 Bona
1410 2078 1791 2136 {Quam-,fignificans

488 2151 537 2181 12
573 2140 744 2193 Pet-caui]
775 2138 1017 2190 Appi-obnuit
1036 2151 1083 2178 ex
1131 2140 1317 2180 laetitiam
1362 2139 1577 2191 potiundae
1619 2141 1790 2181 meretri-

427 2196 604 2248 pericnlo
626 2195 938 2248 magnitudinem
965 2194 1083 2234 bene·
1129 2197 1195 2235 cis.
1257 2197 1305 2236 D.

427 2252 514 2291 ficii.
571 2252 677 2306 Qid
711 2256 766 2290 ait
795 2253 943 2291 tandem
974 2249 1081 2289 nohis
1187 2263 1238 2306 14
1267 2250 1380 2301 Syre,
1413 2248 1525 2312 insta]
1549 2253 1628 2290 lam
1655 2253 1784 2304 Syn-⁰⁸,

425 2309 616 2362 δ’[ιηιιίοὲ]
657 2305 798 2357 Nobis,
832 2310 880 2352 τῷ
909 2311 1081 2352 tammus?
1131 2320 1211 2346 non
1236 2319 1273 2346 vt
1302 2306 1480 2352 adiuuet,
1505 2306 1568 2344 led
1591 2319 1629 2346 vt
1649 2308 1793 2347 instari-⁴

424 2364 598 2403 additum
626 2363 690 2402 est.
720 2378 800 2402 non
824 2364 929 2404 enim
953 2362 1078 2403 Nobis
1129 2376 1187 2403 ter
1210 2364 1388 2409 adiuuet,
1414 2373 1577 2414 rogatur.
1636 2363 1784 2413 Eamus,

423 2419 727 2472 intelligendum
759 2420 823 2459 est.
879 2421 1079 2459 Iammitis
1127 2433 1279 2472 namque
1307 2419 1365 2457 hic
1380 2419 1575 2472 properat]
1603 2420 1690 2459 Hoc
1711 2420 1785 2459 cla-

423 2476 491 2530 est]
529 2478 632 2526 Quia
662 2475 913 2515 debacchatus
940 2475 994 2516 est
1024 2473 1078 2514 sn·
1126 2486 1204 2514 mat
1218 2480 1348 2528 Syrus,
1368 2473 1782 2516 vtbeneficiumosten-

423 2545 490 2582 pra
526 2532 646 2577 leno,
697 2532 773 2572 Iam
808 2535 912 2573 initis
947 2531 994 2585 est
1023 2530 1078 2570 di·
1125 2531 1208 2570 dat:
1251 2528 1341 2570 sane
1381 2532 1524 2579 (tamen
1553 2533 1612 2582 7,.)
1650 2533 1700 2570 ita
1741 2542 1779 2570 vt

422 2599 486 2628 xit.
545 2593 593 2628 1).
1125 2586 1249 2626 rursus
1278 2587 1467 2626 lenonem
1494 2587 1545 2626 de
1577 2586 1780 2639 profefiio-

480 2654 525 2696 ¹3
554 2646 631 2697 [ΞΑ-ο
644 2643 932 2697 adforumiho]
959 2646 1074 2683 ‘runc
1123 2656 1175 2682 ne
1210 2641 1424 2682 absterreat.
1490 2642 1552 2681 Ne
1590 2657 1664 2682 tam
1699 2647 1779 2696 qui-

420 2699 528 2738 οιιίιη
559 2700 599 2738 in
632 2699 716 2738 suro
744 2701 795 2739 du
820 2700 973 2741 mensae
992 2698 1074 2740 scri·
1121 2699 1218 2754 dena]
1262 2703 1300 2742 Λ
1333 2699 1481 2739 lenone
1512 2699 1778 2795 inconibus-ter

1710 2768 1777 2798 ια-
