1875 3308
616 219 913 269 ADELPH.

199 336 288 403 ἐν.
327 354 369 400 O
392 345 620 417 Ctesipho!
644 346 751 397 CT.

1363 226 1423 275 5⁹

776 366 804 395 o
823 341 954 412 Syre!
981 342 1218 392 Aeschinus
1237 341 1312 390 vbi
1335 338 1429 394 est?

170 471 175 474 .
297 424 384 474 ὃν.
421 426 570 477 ellum,
595 436 637 471 te
657 421 869 489 exspestat
894 421 1027 469 domi.
1072 415 1181 465 CT.
1226 418 1350 465 hem!

198 500 290 551 SY.
331 502 451 558 Quid
471 499 558 548 est?
592 495 703 549 CT.
743 497 850 562 quid
869 495 948 542 fit?
982 494 1097 543 illius
1121 508 1268 559 opera,
1306 492 1427 558 Syre2

297 594 418 627 nunc
443 578 562 625 viuo.
597 574 799 625 festiuum
820 572 973 641 caput!

613 696 637 716 Q

40 798 42 800 ’
72 811 187 841 num:
215 796 315 849 quafi
342 795 535 845 titubans,
566 806 604 836 et
624 807 728 848 pene

72 855 303 895 balbutiem.
366 855 518 893 Homini
564 850 725 904 nemini]

72 913 187 952 Noue
203 909 356 949 auribus
377 907 521 953 nostris,
544 904 608 946 sed
629 916 741 946 vete-v

75 982 161 1008 rum
189 963 466 1005 consuetudine
490 965 636 1002 locutus
662 962 727 1002 est.

74 1025 173 1064 Nam
193 1036 312 1074 quum
335 1022 494 1068 nemini,
526 1019 730 1058 hominem

75 1077 286 1132 significet:
316 1076 408 1128 quid
427 1088 521 1127 opus
542 1074 618 1114 fuit
629 1074 731 1114 clice-

1339 644 1434 699 Qui
1493 642 1517 647 '⁷

777 784 842 832 sed
862 791 916 832 est
934 789 1155 830 admirantis
1168 789 1303 842 magis,
1315 799 1433 839 quam

776 848 1065 901 interrogantis.
1143 846 1249 885 Illius
1294 843 1431 898 opera]

775 904 957 947 Dicendo
982 904 1113 955 Opera,
1141 912 1182 941 et
1207 908 1437 952 corporeum

777 961 949 1000 laborem
967 956 1152 999 Aeschini
1183 956 1367 1002 ostendit,
1397 964 1435 994 et

778 1018 1026 1070 religionem.
1040 1025 1078 1052 vt
1089 1016 1209 1066 (Aen.
1219 1026 1298 1058 vn,
1313 1024 1361 1065 33
1371 1013 1436 1062 1.)‚

779 1074 893 1113 Hunc
917 1072 1008 1112 mihi
1029 1071 1076 1110 da
1089 1071 1298 1123 proprium,
1323 1069 1438 1123 virgo

76 1148 142 1182 re,
174 1134 316 1173 homini
336 1131 497 1174 nemirn'?
526 1130 603 1172 Sed
620 1141 659 1170 vt
678 1129 732 1168 di·
769 1128 862 1182 fita
885 1128 1006 1176 ηοίέε,
1031 1125 1204 1174 laborem,
1229 1126 1338 1165 Hanc
1358 1136 1440 1175 ope-

76 1192 214 1239 ximm,
228 1189 345 1242 figura
355 1187 409 1227 est
418 1188 604 1233 ὰρχαϊσμδς
616 1189 735 1236 (Num

76 1246 176 1288 forte
196 1259 282 1284 cum
302 1243 534 1297 Eugraphio,
555 1242 736 1295 quibunt:

79 1304 208 1343 locum
238 1297 458 1353 compiiafl'e
488 1299 656 1347 videtur,
683 1299 736 1338 le-

83 1357 255 1414 gendum
275 1355 505 1401 πλεονασμδςῖ
530 1356 606 1407 Z.)
647 1356 698 1394 D.

133 1414 303 1454 Fratrem
323 1412 478 1465 homini]
505 1414 552 1452 V.
572 1411 616 1452 C.
644 1409 738 1449 Pra-

83 1483 176 1511 trcm
198 1469 395 1507 homirnam.
453 1471 492 1507 L.

137 1526 266 1577 Vulgo
303 1526 489 1563 nerninem.
551 1519 628 1561 Sed
658 1519 736 1571 pla·

85 1593 147 1621 cet
172 1580 349 1620 Bembini
378 1590 417 1618 et
442 1579 604 1618 aliorum
627 1574 739 1614 codd.

85 1640 229 1677 nemini.
255 1637 315 1676 Sic
326 1637 419 1674 Hee.
435 1647 504 1680 111,
525 1645 560 1684 1,
582 1642 668 1674 1.et
678 1631 741 1670 ali·

84 1692 139 1740 bi‚
160 1693 278 1732 Homo
299 1704 413 1730 nemo·
468 1692 509 1730 R.

110 1780 113 1781 γ
140 1759 169 1802 7
208 1750 241 1788 Ο
268 1745 482 1799 Ctefiphol]
522 1743 626 1786 Mire
657 1754 742 1781 coe-

46 1834 50 1836 -
86 1804 358 1857 ρίμςεωάῐιιιη
375 1797 604 1855 fignificans,
619 1799 651 1837 Ο
663 1798 742 1838 Cte-

80 1860 204 1914 fipho!
267 1860 301 1898 Ο
326 1857 468 1910 Syre!]
498 1855 567 1895 111e
596 1866 633 1893 vt
653 1867 743 1906 gau·

50 1936 52 1941 ·
89 1915 209 1958 dens:
239 1914 322 1963 hic,
350 1925 389 1953 vt
407 1914 472 1965 qui
495 1924 575 1950 non
595 1910 745 1962 praeui-

91 1971 201 2020 derit,
221 1985 241 2008 o
263 1971 364 2011 dicit.
426 1970 458 2006 O
476 1967 578 2016 Syre,
601 1964 746 2016 Aeschi-

91 2041 159 2067 nus
183 2025 246 2066 vbi
263 2027 328 2081 est]
359 2027 467 2064 Bene
488 2023 608 2062 statim
635 2023 687 2060 de
704 2021 746 2060 il-

92 2083 145 2130 lo,
156 2084 214 2122 cui
225 2082 364 2136 agebat
375 2080 521 2130 gratias,
543 2074 746 2129 lquIcoe-

93 2141 161 2193 pit.
218 2138 356 2192 Elium]
390 2140 490 2177 Ecce
516 2135 645 2174 illum:
685 2133 746 2172 vel

94 2207 312 2248 pronomen
333 2192 404 2242 est,
439 2190 499 2231 vel
520 2189 747 2230 aduerbinm

93 2250 400 2290 demonstrantis.
465 2247 544 2288 Alii
583 2248 748 2285 interro-

95 2307 228 2359 gatiue
255 2306 412 2359 legunt:
439 2314 478 2342 vt
498 2301 541 2342 fit
569 2301 672 2340 e'llum
697 2301 749 2339 di-

96 2362 174 2404 cis?
203 2372 242 2401 te
267 2359 456 2412 exspeetat
475 2359 615 2407 domi‚·
633 2361 686 2397 Vt
707 2354 749 2394 fit

96 2416 202 2457 ellum
220 2429 456 2469 pronomen,
486 2414 526 2453 id
545 2413 608 2461 est,
639 2412 750 2452 illum.

95 2478 196 2516 Nam
217 2483 256 2512 et
277 2471 388 2520 inum,
407 2482 447 2510 et
464 2469 577 2517 ellum,
592 2468 754 2508 etollum

95 2541 248 2569 veteres
268 2527 460 2567 dixerunt.
514 2524 646 2572 Domi]
676 2523 751 2565 Ad-

97 2584 279 2625 uerbium
298 2583 350 2622 est
379 2584 419 2622 in
448 2583 549 2621 loco.
607 2580 752 2635 Hems]

100 2640 324 2682 lutei-ieelio
345 2637 398 2678 est
419 2638 606 2679 laetantis,
650 2639 699 2676 1).

157 2703 182 2746 8
211 2693 417 2752 defiss]
445 2692 572 2744 Deest,
583 2694 756 2748 quaeris?

782 1199 873 1225 ram.
927 1187 1042 1225 Hanc
1087 1182 1324 1235 religionem
1362 1179 1437 1218 ait:

786 1253 824 1280 vt
842 1242 1007 1293 (Geni-g.
1027 1253 1055 1287 1,
1076 1243 1209 1293 338),
1235 1260 1292 1268 --
1317 1247 1441 1275 annua

784 1310 935 1352 magnae
955 1297 1067 1336 Sacra
1100 1295 1201 1346 refer
1220 1293 1344 1333 Cereri
1370 1292 1442 1331 lae-

785 1356 836 1394 tis
854 1363 1019 1405 operatus
1037 1353 1078 1390 in
1096 1348 1226 1389 herbis.
1282 1349 1385 1389 Illius
1405 1360 1444 1386 o-

781 1419 896 1464 pera,
929 1407 1034 1456 Syre,
1070 1418 1163 1444 nunc
1180 1405 1288 1458 viuo]
1316 1405 1352 1442 O
1372 1403 1443 1441 mi-

786 1479 867 1505 ram
889 1461 1231 1514 amplzficationem
1246 1456 1443 1498 beneficii.

788 1534 870 1559 non
895 1519 1000 1565 dixit,
1019 1518 1123 1556 nlius
1143 1529 1262 1568 opera
1283 1516 1446 1556 amicam

787 1576 936 1615 habeo:
977 1571 1040 1612 sed
1069 1572 1174 1624 quod
1201 1569 1286 1610 satis
1312 1572 1446 1623 graue,

790 1643 830 1671 et
848 1629 933 1670 satis
955 1629 1195 1673 amatorium,
1217 1626 1320 1666 Illius
1339 1636 1449 1678 opera

787 1691 886 1727 nanc
923 1687 1034 1730 vius),
1075 1684 1212 1736 iusquit.
1268 1681 1450 1734 Festiuum

791 1755 899 1795 caput
911 1741 948 1794 !]
979 1738 1297 1779 Huiccontrarius
1320 1734 1449 1777 sensus

793 1799 856 1846 est,
879 1796 1088 1838 Ridiculum
1106 1806 1228 1847 caput.
1285 1794 1363 1837 Alii
1381 1807 1450 1846 pu·-

793 1867 892 1902 tant,
914 1851 1094 1906 festiuum
1117 1862 1237 1901 caput,
1257 1855 1350 1889 'non
1370 1853 1450 1889 Ae-

794 1909 915 1951 schini
933 1905 1256 1960 intelligendum,
1281 1904 1344 1946 sed
1368 1918 1452 1946 ora·

796 1966 936 2012 tionis,
972 1978 1084 2016 quam
1111 1961 1229 2002 habet
1254 1960 1453 2013 Ctesipho,

797 2034 915 2075 agens
936 2021 1075 2074 gratias
1091 2018 1209 2058 fratri.
1265 2018 1371 2058 ltain
1382 2020 1453 2056 Eu-

796 2078 935 2126 nuche,
955 2075 1076 2129 Quam
1100 2071 1259 2125 venuste!
1290 2072 1453 2127 quodde—

799 2134 1085 2186 ditprincxpium
1097 2129 1311 2170 adueniens!
1333 2126 1452 2179 Quod

798 2190 823 2229 si
851 2189 924 2237 est,
955 2187 1050 2227 nihil
1073 2186 1195 2241 potest
1221 2183 1329 2238 supra.
1353 2184 1454 2223 hanc

799 2245 1084 2285 laudationem:
1126 2255 1214 2282 narn
1245 2239 1352 2292 supra
1377 2239 1456 2278 hoc

798 2301 940 2341 fastum
975 2302 1044 2339 erit
1072 2297 1353 2349 accipiendum.
1388 2293 1458 2337 sed

798 2357 900 2396 male
915 2371 923 2395 :
957 2370 1044 2394 nam
1064 2366 1170 2406 caput
1182 2351 1351 2402 Aeschini
1360 2349 1458 2403 (Ad-

800 2413 851 2452 de
872 2411 1047 2465 intelligo,
1067 2409 1172 2462 quod
1194 2409 1246 2448 est
1265 2408 1305 2447 ln
1328 2404 1397 2447 Ms.
1410 2410 1455 2448 Β.

802 2480 839 2508 et
855 2467 953 2508 Edd.
974 2478 1061 2506 vett.
1082 2475 1145 2505 aut
1163 2465 1268 2517 lege,
1294 2462 1367 2505 Sed
1383 2475 1457 2501 ma-

801 2525 835 2564 lo
863 2536 956 2563 nunc
978 2534 1087 2575 caput
1107 2519 1276 2572 Aeschini
1301 2520 1384 2567 2.),
1418 2516 1459 2558 id

805 2579 870 2626 est,
896 2576 1018 2630 ipsum
1037 2574 1282 2625 Aeschinum,
1302 2575 1460 2614 vtinto-

805 2648 844 2675 to
874 2649 958 2687 pars
983 2634 1026 2673 {it
1057 2645 1126 2686 per
1157 2629 1375 2677 συνεκδνχιῖνε
1415 2630 1454 2667 in

804 2705 880 2743 qua
897 2689 1022 2747 figura
1041 2699 1081 2732 et
1100 2702 1188 2744 pars
1207 2700 1277 2744 pro
1296 2698 1373 2725 toto
1393 2696 1458 2736 po-

1331 2741 1460 2783 nenda
