1875 3292
411 223 510 274 394

801 205 960 255 ACT.¹
992 206 1047 251 V.
1085 203 1279 252 SCEN.
1310 206 1382 251 IV.

540 334 646 384 BA.
675 338 820 383 Immo
851 337 1004 388 etiam,
1043 334 1119 397 qui
1150 332 1236 381 hoc
1257 332 1462 381 occultari
1478 333 1645 381 facilius
1676 350 1769 382 cre-

645 410 732 464 das,
762 410 887 458 dabo.

446 507 508 554 30
544 488 782 552 Myrrhina
801 489 856 534 ita
879 484 1100 551 Phidippo
1121 484 1239 538 dixit,
1261 483 1530 532 iuriiurando
1558 501 1659 533 meo

542 568 598 612 Se
619 561 752 610 fidem
778 558 993 614 habuisse,
1025 573 1069 608 et
1091 570 1326 627 propterea
1345 570 1389 607 te
1414 559 1491 609 fibi
1510 571 1766 628 purgatum.

642 638 678 687 P
692 652 722 685 Α
734 652 790 685 Μ.
831 629 1080 703 optume'st:

543 719 772 787 Speroqiie
803 714 915 761 hanc
941 729 1038 760 rem
1066 709 1149 760 effe
1171 721 1429 760 euenturam
1459 711 1585 760 nobis
1608 728 1659 760 ex
1681 712 1770 760 sen·

640 790 788 839 tentia.

539 863 576 915 P
592 879 624 912 A
640 880 684 912 R.
725 869 863 919 Here,
886 865 1043 912 licetne
1065 863 1168 911 scire
1189 879 1240 911 ex
1251 873 1308 918 te,
1332 862 1464 919 hodie
1476 861 1582 927 quid
1592 860 1770 927 sit-quod

638 942 723 989 feci
744 940 884 990 boni?

541 1020 635 1064 Aut
656 1017 761 1080 quid
796 1015 903 1064 istuc
923 1014 1004 1069 est,
1036 1014 1154 1079 quod
1186 1033 1263 1064 vos
1296 1015 1451 1077 agitis?
1492 1011 1645 1062 PAM.
1679 1031 1772 1062 non

639 1093 754 1140 licet.
795 1091 878 1141 PA
899 1106 946 1138 R.
993 1101 1138 1139 tamen
1168 1091 1375 1156 suspicor:

445 1183 508 1236 35
541 1172 697 1231 Egone
721 1169 840 1215 hunc
862 1168 914 1215 ab
940 1170 1060 1215 Orco
1082 1167 1342 1214 mortuum?
1361 1184 1450 1232 quo
1462 1164 1624 1233 paao?
1643 1164 1773 1215 ΡΑΜ.

638 1243 787 1297 nescis,
811 1247 1039 1294 ParmenO,

541 1324 773 1378 Quantum
803 1319 936 1366 hodie
967 1318 1186 1383 profueris
1218 1319 1354 1372 mihi,
1384 1329 1499 1366 etex
1528 1329 1687 1384 quanta
1709 1333 1773 1364 ae-

637 1412 798 1444 rumna
821 1395 1067 1445 extraxeris.

407 1600 524 1642 tinet.
580 1600 629 1638 Et
655 1595 862 1649 Refiifiunt
892 1596 957 1648 qui
989 1591 1070 1634 nes-

404 1657 532 1702 ciunt,
582 1653 709 1692 Sciunt
749 1654 814 1704 qui
848 1653 1067 1704 negligunt.

402 1715 454 1753 Et
470 1709 707 1763 Refit'fit'mur
727 1721 775 1746 ex
802 1708 900 1755 alio,
931 1709 1068 1744 Scimus

392 1763 524 1806 'etiam
559 1779 628 1816 per
667 1763 832 1802 nostram
876 1763 1068 1813 opinatio-

404 1837 511 1863 nem.
569 1820 734 1870 Rescire,
770 1818 823 1857 est
862 1814 1067 1869 recognos-

402 1893 502 1924 cere,
529 1888 568 1917 et
588 1880 650 1915 vix
669 1876 850 1914 inuenire
865 1876 968 1927 quod
982 1873 1065 1925 quis

404 1933 595 1977 nescierit.
651 1937 702 1974 D.

459 2004 512 2044 29
558 1993 630 2029 Pro
674 1987 860 2027 occultari
908 1984 1065 2037 plurimi

405 2046 530 2091 Codd.
573 2044 759 2085 occultare
795 2041 911 2095 P0ffi¹5
961 2040 1064 2091 quod

402 2101 514 2144 sensu
544 2101 745 2155 probatur,
775 2097 836 2138 scd
869 2094 977 2136 versu
1009 2110 1065 2135 re-

406 2161 600 2213 pudiatur.
662 2159 786 2210 Igitur
832 2165 870 2192 vt
909 2155 1063 2203 vti-ique

404 2218 459 2257 rei
482 2212 670 2260 consulas,
691 2216 780 2265 lege
803 2210 1062 2248 Occultumz'ri.

403 2278 503 2313 Nam
523 2269 747 2321 Pamphilus
767 2268 816 2306 de
835 2266 964 2307 futuro
983 2276 1064 2305 erat

406 2329 582 2380 inprimis
603 2325 794 2364 sollicitus.
855 2328 893 2363 Β.

460 2398 516 2436 30
548 2382 623 2422 litii
647 2394 782 2420 omnes
813 2379 897 2418 libri
919 2376 1065 2417 habent

406 2437 652 2478 Iurciurando
667 2455 680 2476 .·
708 2440 816 2485 leges
837 2437 996 2487 linguae
1016 2445 1065 2471 ta-

407 2509 499 2535 men
519 2496 763 2533 lumurando
789 2491 960 2543 poscunt.
992 2493 1032 2529 B.

464 2563 513 2602 33
549 2552 661 2594 llere,
690 2551 813 2588 licetne
825 2548 924 2599 fiire
946 2561 992 2585 ex
1015 2544 1067 2597 te]

408 2605 586 2647 Ridicule
613 2605 723 2645 instat
747 2604 851 2652 scire,
871 2605 1070 2658 ignoratu-

413 2666 706 2704 tusi':;1·meno.
761 2665 809 2701 1).

1629 1473 1774 1518 PAR.

1118 1609 1200 1636 non
1232 1595 1462 1650 postulatur,
1510 1595 1590 1634 imo
1617 1608 1639 1632 a
1666 1590 1775 1632 versu

1118 1654 1352 1704 repudiatur,
1405 1661 1445 1690 et
1476 1650 1517 1690 in
1544 1648 1776 1689 melioribus

1118 1709 1209 1747 libb.
1233 1708 1347 1747 abest.
1408 1709 1447 1746 Β.

1171 1777 1222 1817 35
1256 1765 1379 1817 Egone
1398 1761 1493 1800 hunc
1510 1759 1555 1800 ab
1570 1761 1666 1800 Orco
1679 1773 1776 1800 mor·

1117 1819 1272 1872 tuum?]
1306 1817 1432 1857 Verba
1456 1814 1542 1857 sunt
1559 1817 1775 1870 cogitantis,

1116 1876 1206 1914 ideo
1251 1886 1288 1914 et
1329 1876 1541 1916 ἐλλειπτικαῖς
1588 1873 1775 1924 loquitur.

1115 1931 1264 1982 Nfflis,
1299 1930 1493 1977 Parmeno]
1525 1929 1689 1970 Addidit
1719 1927 1778 1967 sti-

1116 1989 1242 2027 mulos
1262 1985 1465 2026 curiositati
1492 1986 1586 2025 eius.
1643 1987 1695 2025 D.

1172 2045 1252 2098 Ego
1275 2042 1368 2082 hunc
1384 2041 1430 2081 ab
1454 2041 1572 2090 orco]
1602 2042 1690 2080 Hoc
1711 2037 1780 2090 est,

1115 2117 1135 2139 a
1159 2102 1341 2148 Plutone,
1377 2099 1443 2150 qui
1463 2097 1516 2139 est
1531 2100 1638 2138 Deus
1659 2095 1780 2136 infer-

1115 2159 1170 2206 ni,
1183 2168 1381 2195 mortuum
1403 2154 1574 2193 liberaui.
1606 2154 1680 2194 Hic
1695 2156 1780 2192 Par·

1115 2227 1236 2253 meno
1250 2212 1319 2252 ead
1327 2226 1386 2251 em
1401 2210 1542 2263 repetit
1554 2208 1781 2250 verbaPam-

1118 2269 1232 2321 phili,
1263 2281 1298 2309 et
1319 2266 1446 2307 secum
1470 2265 1571 2318 quati
1594 2264 1692 2304 haec
1715 2277 1778 2304 co-

1116 2327 1243 2381 girans
1264 2325 1443 2375 loquitur.
1499 2326 1540 2362 E.

1175 2381 1402 2427 Bembinus,
1432 2389 1470 2418 et
1487 2378 1621 2419 Faemi
1650 2379 1782 2418 Dona·

1117 2450 1176 2479 tus
1219 2437 1301 2493 Ego
1353 2436 1470 2474 hunc:
1515 2433 1634 2473 nostri
1677 2433 1781 2487 Egon

1120 2493 1228 2533 hunc.
1262 2492 1366 2532 Nihil
1389 2489 1558 2531 interest.
1620 2492 1662 2529 B.

1176 2553 1226 2599 36
1259 2552 1320 2588 Ne
1340 2545 1466 2586 versus
1497 2544 1708 2589 claudicet,
1736 2541 1781 2580 il.

1121 2605 1187 2649 lud
1216 2606 1306 2652 Me,
1346 2603 1454 2654 quod
1487 2603 1527 2640 in
1558 2601 1642 2640 aliis
1673 2597 1782 2637 libriss

1123 2661 1240 2710 abest,
1266 2662 1305 2699 in
1323 2661 1406 2699 aliis
1428 2657 1585 2708 ponitur
1606 2665 1697 2693 ante
1709 2656 1782 2694 Ex-

466 2716 654 2768 uiud‘Me
685 2729 778 2758 aute
797 2717 907 2769 Scire¹
927 2729 947 2755 a
964 2709 1072 2754 sensu
1124 2719 1295 2764 traxeris,
1319 2726 1468 2768 repone
1485 2711 1571 2767 post
1592 2713 1653 2753 Et.
1685 2714 1727 2750 Β.
