1875 3244
653 196 952 242 HECYRA.
1014 219 1022 226 -

1366 209 1460 258 293

237 321 349 368 Heri
373 335 503 368 nemo
527 322 666 369 voluit
688 321 914 370 Sostratam
934 320 1052 369 intro
1075 320 1318 371 admittere.

141 411 203 455 50
239 399 283 442 Si
304 396 415 443 forte
437 398 617 444 morbus
641 399 825 462 amplior
846 394 983 444 fastus
1004 395 1092 451 siet,

236 471 371 525 Quod
395 472 490 518 sane
514 473 666 523 nolim,
696 489 895 520 muume
919 472 1011 518 heri
1036 473 1154 520 causa
1176 475 1288 521 mei:

233 549 418 592 Seruom
443 549 541 593 ilico
562 544 753 594 introisse
776 548 918 594 dicent
939 546 1171 607 Sostratae3

231 621 411 683 Aliquid
441 620 578 668 tulisse
601 622 976 669 comminiscentur
1001 623 1116 676 mali,

232 699 373 760 Capiti
407 709 534 759 atque
554 700 676 744 aetati
698 698 887 750 illorum,
907 697 1087 744 morbus
1115 695 1352 762 quiaustus
1366 695 1456 746 fiet.

134 786 194 832 55
232 773 354 817 Hera
364 774 409 818 in
422 775 585 820 crimen
599 775 764 829 veniet3

779 789 862 833 ego
873 788 977 821 vero
998 774 1044 820 in
1056 790 1265 834 magnum
1276 774 1454 822 malum.

167 916 475 970 ACTVS
543 917 875 970 TERTII
950 918 1249 971 SCENA
1299 919 1382 974 11.

301 1006 579 1049 sosTRA‘rA.
620 1007 886 1049 PARMENo.
930 1010 1243 1051 PAMPHILVS.

89 1134 189 1250 N

88 1435 155 1490 effi:
173 1436 244 1478 illis
252 1439 396 1493 simio]
427 1441 552 1480 Acme
582 1437 744 1481 eiusmo-

87 1494 128 1532 dl
163 1493 307 1534 causam
339 1497 502 1547 reperit,
542 1509 643 1548 quae
683 1498 743 1536 vel

84 1547 288 1590 hominem
308 1549 492 1590 curiosum
504 1555 739 1592 contineret:

82 1617 268 1656 quaeque
319 1620 400 1645 non
455 1611 740 1648 Parmenonem

79 1660 214 1708 modo,
234 1659 296 1700 sed
310 1675 398 1700 mox
410 1664 526 1702 etiam
536 1663 738 1703 Sostratam

80 1715 471 1771 arceatabingreffu.
526 1721 572 1759 D.

128 1785 182 1825 49
215 1773 304 1811 Heri
330 1787 428 1812 nemo
453 1775 576 1814 voluit
594 1773 736 1825 Sostra-

74 1828 172 1879 tam]
207 1827 320 1879 Quafi
341 1829 597 1879 aliusdixerit‚
633 1831 735 1869 Vnde

37 1898 39 1902 ·
73 1882 250 1938 intelligis
272 1887 290 1924 ,ἕ
337 1885 431 1924 Hm·
474 1899 576 1925 nemo
613 1886 733 1925 voluit

74 1938 294 1993 Sostratam]
325 1944 614 1994 Argumentum
639 1941 732 1981 odii.

421 1221 570 1269 misera
582 1240 593 1267 ι

132 2060 180 2102 ςῐ
213 2051 388 2090 Maxume
415 2052 494 2093 heri
522 2053 624 2104 caufiz
644 2054 730 2108 met]

75 2106 186 2146 Bene
203 2105 408 2145 Maxume:
437 2111 503 2161 qui
526 2122 562 2149 et
573 2122 728 2162 propter

75 2158 207 2213 ipsam,
226 2161 285 2199 vel
307 2174 461 2214 propter
478 2166 663 2205 inuidiam
676 2163 729 2204 so-

74 2229 159 2256 crus
181 2228 260 2255 non
282 2218 370 2257 velit
397 2220 479 2261 fleri
509 2222 729 2274 grauiorem

74 2272 269 2313 morbum.
330 2275 376 2313 D.

130 2340 182 2377 52
219 2328 370 2367 Seruum
411 2332 496 2370 ilico
547 2331 727 2386 introiffi]

71 2384 181 2424 Mire
216 2394 252 2421 vt
278 2385 529 2433 criminosius,
558 2385 730 2438 suspicio-

72 2435 235 2489 sumque
266 2438 324 2477 lit:
356 2454 438 2480 non
466 2442 636 2483 Lachetis
663 2454 730 2482 aut

73 2494 262 2546 Pamphili
278 2492 437 2545 seruum,
449 2495 512 2537 sed
522 2498 727 2539 Sostratae:

70 2560 149 2589 nec
170 2554 447 2592 Parmenonem
469 2550 606 2594 saltem.
636 2560 687 2597 D.

127 2608 199 2646 Pro
237 2606 402 2661 Introiffi
441 2605 561 2651 scribe
588 2610 730 2654 Introi-

73 2658 148 2712 iffi·
203 2666 244 2705 Β.

207 1161 265 1189 ες
286 1162 311 1189 c
333 1162 396 1191 10
460 1145 565 1208 quId
611 1144 866 1194 iamdudum
915 1146 1045 1196 audio
1085 1147 1160 1197 hic
1193 1147 1459 1197 tumultuari

1326 1299 1453 1347 Male

849 1455 898 1497 53
921 1439 1265 1496 comminiscentur]
1292 1442 1456 1491 Dicent,

793 1511 878 1538 cum
899 1497 1168 1538 confinxerint.
1225 1500 1275 1537 D.

847 1568 900 1608 54
940 1556 1066 1606 Capiti
1092 1567 1201 1607 atque
1227 1556 1342 1593 aetati
1365 1552 1450 1592 illo-

789 1611 891 1664 rum]
930 1613 1037 1649 Bene
1066 1612 1114 1655 τῷ·
1142 1609 1338 1655 εὖφημισμῷ
1369 1623 1450 1648 ma·

788 1667 860 1706 luit
880 1664 1039 1713 illorum,
1058 1678 1173 1716 quam
1187 1664 1326 1717 puellae
1343 1664 1448 1704 dice-

787 1735 850 1762 re:
888 1721 995 1772 quod
1029 1722 1159 1772 vtique
1199 1720 1444 1774 intelligitur.

786 1777 886 1834 Qi]
916 1776 1003 1830 Qi,
1026 1776 1139 1815 vnde.
1199 1779 1247 1816 D.

839 1833 898 1872 Sit
919 1830 1207 1873 rescribendum
1219 1829 1344 1872 versus
1359 1843 1447 1872 cau·

785 1886 821 1928 sa
840 1889 904 1931 est.
961 1892 1002 1928 B.

837 1956 887 1997 55
920 1945 1025 1985 Hera
1053 1946 1091 1984 in
1117 1943 1271 1997 crimen]
1302 1943 1443 1984 Sostra·

783 2009 820 2039 ta
849 2002 889 2039 in
919 2001 1039 2039 litem.
1093 1999 1172 2054 Ego
1191 2012 1278 2038 vero
1306 2002 1344 2037 in
1365 2013 1442 2038 ma-

779 2069 891 2112 gnum
925 2055 1077 2109 malum]
1117 2058 1163 2095 ln
1204 2054 1440 2107 quaestionis

782 2123 985 2151 tormenta.
1042 2114 1090 2152 D.

809 2179 827 2210 1
843 2168 973 2219 Nefiio
985 2168 1078 2220 quid
1087 2166 1296 2206 iamdudum
1309 2166 1366 2205 hic
1376 2179 1439 2205 au-

776 2224 836 2263 dio
849 2223 1132 2275 mmulmariJm
1144 2221 1336 2263 hacScena
1348 2235 1440 2273 qua·

778 2279 803 2318 ss
817 2278 1003 2330 quaedam
1017 2278 1246 2316 deliberatio
1265 2277 1328 2325 est,
1348 2291 1439 2316 con-

779 2335 907 2374 tinens
927 2331 1104 2372 suaiionis
1123 2330 1435 2387 diffuafionisque

779 2400 930 2441 partes,
961 2390 1110 2440 quasin
1139 2386 1296 2428 subditis
1317 2388 1436 2428 confi-

779 2445 1011 2487 derabimus,
1067 2445 1157 2495 Hic]
1189 2445 1433 2496 Quia·nimis

778 2498 1012 2541 vicinisunt.
1071 2503 1116 2540 D.
1446 2510 1456 2521 ·

829 2556 963 2606 Nefiio
983 2555 1073 2608 quid
1093 2555 1301 2596 iamdudum
1318 2555 1430 2595 audio

782 2611 840 2652 hic
876 2613 1094 2652 tumultuari
1131 2611 1275 2664 misera]
1323 2614 1431 2651 Haec

780 2669 906 2710 scena
934 2667 1128 2720 quandam
1155 2667 1257 2722 quali
1285 2667 1434 2708 delibe-

891 2726 929 2765 T
959 2737 986 2778 3
1323 2724 1435 2773 κύσε
