<?xml version="1.0" encoding="UTF-8"?>
<!DOCTYPE html PUBLIC "-//W3C//DTD XHTML 1.0 Transitional//EN"
    "http://www.w3.org/TR/xhtml1/DTD/xhtml1-transitional.dtd">
<html xmlns="http://www.w3.org/1999/xhtml" xml:lang="en" lang="en">
 <head>
  <title>
</title>
<meta http-equiv="Content-Type" content="text/html;charset=utf-8" />
  <meta name='ocr-system' content='tesseract 3.04.00' />
  <meta name='ocr-capabilities' content='ocr_page ocr_carea ocr_par ocr_line ocrx_word'/>
</head>
<body>
  <div class='ocr_page' id='page_1' title='image "./comoediaesexexre02tereuoft_0500.png"; bbox 0 0 1875 3292; ppageno 0'>
   <div class='ocr_carea' id='block_1_1' title="bbox 367 204 474 254">
    <p class='ocr_par' dir='ltr' id='par_1_1' title="bbox 367 204 474 254">
     <span class='ocr_line' id='line_1_1' title="bbox 367 204 474 254; baseline 0 -14"><span class='ocrx_word' id='word_1_1' title='bbox 367 204 474 254; x_wconf 72' lang='lat'>,472</span> 
     </span>
    </p>
   </div>
   <div class='ocr_carea' id='block_1_2' title="bbox 794 189 1356 238">
    <p class='ocr_par' dir='ltr' id='par_1_2' title="bbox 794 189 1356 238">
     <span class='ocr_line' id='line_1_2' title="bbox 794 189 1356 238; baseline 0 0"><span class='ocrx_word' id='word_1_2' title='bbox 794 189 948 238; x_wconf 82' lang='lat' dir='ltr'><strong>ACT.</strong></span> <span class='ocrx_word' id='word_1_3' title='bbox 978 189 1038 235; x_wconf 86' lang='lat'>11.</span> <span class='ocrx_word' id='word_1_4' title='bbox 1082 189 1283 238; x_wconf 83' lang='lat' dir='ltr'><strong>SCEN.</strong></span> <span class='ocrx_word' id='word_1_5' title='bbox 1316 191 1356 238; x_wconf 82' lang='lat'>1.</span> 
     </span>
    </p>
   </div>
   <div class='ocr_carea' id='block_1_3' title="bbox 416 317 1671 614">
    <p class='ocr_par' dir='ltr' id='par_1_3' title="bbox 515 317 1671 530">
     <span class='ocr_line' id='line_1_3' title="bbox 515 317 1671 383; baseline -0.003 -14"><span class='ocrx_word' id='word_1_6' title='bbox 515 323 628 369; x_wconf 86' lang='lat' dir='ltr'>Non</span> <span class='ocrx_word' id='word_1_7' title='bbox 651 318 817 368; x_wconf 79' lang='lat' dir='ltr'>causam</span> <span class='ocrx_word' id='word_1_8' title='bbox 843 318 955 371; x_wconf 83' lang='lat' dir='ltr'>dico,</span> <span class='ocrx_word' id='word_1_9' title='bbox 976 320 1086 383; x_wconf 87' lang='lat' dir='ltr'>quin</span> <span class='ocrx_word' id='word_1_10' title='bbox 1108 318 1229 382; x_wconf 87' lang='lat' dir='ltr'>quod</span> <span class='ocrx_word' id='word_1_11' title='bbox 1250 322 1431 366; x_wconf 82' lang='lat' dir='ltr'>meritus</span> <span class='ocrx_word' id='word_1_12' title='bbox 1453 317 1516 373; x_wconf 80' lang='lat' dir='ltr'>fit,</span> <span class='ocrx_word' id='word_1_13' title='bbox 1537 318 1671 367; x_wconf 85' lang='lat' dir='ltr'>ferat:</span> 
     </span>
     <span class='ocr_line' id='line_1_4' title="bbox 517 395 1350 460; baseline -0.004 -15"><span class='ocrx_word' id='word_1_14' title='bbox 517 397 604 445; x_wconf 86' lang='lat' dir='ltr'>Sed</span> <span class='ocrx_word' id='word_1_15' title='bbox 625 395 656 442; x_wconf 81' lang='lat' dir='ltr'><strong>fi</strong></span> <span class='ocrx_word' id='word_1_16' title='bbox 681 398 777 460; x_wconf 86' lang='lat' dir='ltr'>quis</span> <span class='ocrx_word' id='word_1_17' title='bbox 799 395 912 442; x_wconf 83' lang='lat' dir='ltr'>forte</span> <span class='ocrx_word' id='word_1_18' title='bbox 944 396 1102 441; x_wconf 79' lang='lat' dir='ltr'>malitia</span> <span class='ocrx_word' id='word_1_19' title='bbox 1123 395 1260 442; x_wconf 84' lang='lat' dir='ltr'>fretus</span> <span class='ocrx_word' id='word_1_20' title='bbox 1280 395 1350 442; x_wconf 87' lang='lat' dir='ltr'>sua</span> 
     </span>
     <span class='ocr_line' id='line_1_5' title="bbox 518 470 1363 530; baseline -0.002 -10"><span class='ocrx_word' id='word_1_21' title='bbox 518 470 698 520; x_wconf 82' lang='lat' dir='ltr'>Insidias</span> <span class='ocrx_word' id='word_1_22' title='bbox 722 470 891 519; x_wconf 84' lang='lat' dir='ltr'>nostrae</span> <span class='ocrx_word' id='word_1_23' title='bbox 912 470 1013 517; x_wconf 85' lang='lat' dir='ltr'>fecit</span> <span class='ocrx_word' id='word_1_24' title='bbox 1039 470 1363 530; x_wconf 77' lang='lat' dir='ltr'><strong>adolescentiae,</strong></span> 
     </span>
    </p>

    <p class='ocr_par' dir='ltr' id='par_1_4' title="bbox 416 543 1624 614">
     <span class='ocr_line' id='line_1_6' title="bbox 416 543 1624 614; baseline -0.001 -18"><span class='ocrx_word' id='word_1_25' title='bbox 416 567 483 614; x_wconf 83' lang='lat'>45</span> <span class='ocrx_word' id='word_1_26' title='bbox 519 554 585 596; x_wconf 92' lang='lat' dir='ltr'>Ac</span> <span class='ocrx_word' id='word_1_27' title='bbox 608 543 734 598; x_wconf 70' lang='lat' dir='ltr'>vicit:</span> <span class='ocrx_word' id='word_1_28' title='bbox 771 546 973 596; x_wconf 84' lang='lat' dir='ltr'>nostrane</span> <span class='ocrx_word' id='word_1_29' title='bbox 994 564 1042 594; x_wconf 83' lang='lat' dir='ltr'>ea</span> <span class='ocrx_word' id='word_1_30' title='bbox 1061 546 1190 614; x_wconf 83' lang='lat' dir='ltr'>culpa</span> <span class='ocrx_word' id='word_1_31' title='bbox 1208 545 1299 593; x_wconf 80' lang='lat' dir='ltr'>est?</span> <span class='ocrx_word' id='word_1_32' title='bbox 1335 564 1389 594; x_wconf 86' lang='lat' dir='ltr'>an</span> <span class='ocrx_word' id='word_1_33' title='bbox 1412 547 1624 602; x_wconf 87' lang='lat' dir='ltr'>iudicum,</span> 
     </span>
    </p>
   </div>
   <div class='ocr_carea' id='block_1_4' title="bbox 1669 626 1764 680">
    <p class='ocr_par' dir='ltr' id='par_1_5' title="bbox 1669 626 1764 680">
     <span class='ocr_line' id='line_1_7' title="bbox 1669 626 1764 680; baseline 0 -8"><span class='ocrx_word' id='word_1_34' title='bbox 1669 626 1764 680; x_wconf 82' lang='lat' dir='ltr'>Qui</span> 
     </span>
    </p>
   </div>
   <div class='ocr_carea' id='block_1_5' title="bbox 387 766 1766 875">
    <p class='ocr_par' dir='ltr' id='par_1_6' title="bbox 387 766 1766 875">
     <span class='ocr_line' id='line_1_8' title="bbox 387 766 1765 822; baseline -0.001 -11"><span class='ocrx_word' id='word_1_35' title='bbox 387 771 464 811; x_wconf 83' lang='lat' dir='ltr'>bus</span> <span class='ocrx_word' id='word_1_36' title='bbox 483 768 642 819; x_wconf 78' lang='lat' dir='ltr'>consuli,</span> <span class='ocrx_word' id='word_1_37' title='bbox 663 772 720 810; x_wconf 76' lang='lat' dir='ltr'>rei</span> <span class='ocrx_word' id='word_1_38' title='bbox 744 770 943 822; x_wconf 82' lang='lat' dir='ltr'>etfamae,</span> <span class='ocrx_word' id='word_1_39' title='bbox 974 768 1049 808; x_wconf 83' lang='lat' dir='ltr'>hoc</span> <span class='ocrx_word' id='word_1_40' title='bbox 1089 768 1222 822; x_wconf 77' lang='lat' dir='ltr'>fretus</span> <span class='ocrx_word' id='word_1_41' title='bbox 1241 766 1337 820; x_wconf 79' lang='lat' dir='ltr'><em>fita]</em></span> <span class='ocrx_word' id='word_1_42' title='bbox 1378 768 1508 815; x_wconf 74' lang='lat' dir='ltr'>Forte,</span> <span class='ocrx_word' id='word_1_43' title='bbox 1546 769 1646 821; x_wconf 64' lang='lat' dir='ltr'>quasi</span> <span class='ocrx_word' id='word_1_44' title='bbox 1681 783 1765 809; x_wconf 87' lang='lat' dir='ltr'>non</span> 
     </span>
     <span class='ocr_line' id='line_1_9' title="bbox 389 813 1766 875; baseline -0.002 -7"><span class='ocrx_word' id='word_1_45' title='bbox 389 829 456 875; x_wconf 85' lang='lat' dir='ltr'>est,</span> <span class='ocrx_word' id='word_1_46' title='bbox 475 827 723 867; x_wconf 76' lang='lat' dir='ltr'>facultatibus</span> <span class='ocrx_word' id='word_1_47' title='bbox 740 828 855 875; x_wconf 85' lang='lat' dir='ltr'>dotis,</span> <span class='ocrx_word' id='word_1_48' title='bbox 874 825 1049 865; x_wconf 83' lang='lat' dir='ltr'>honesta·</span> <span class='ocrx_word' id='word_1_49' title='bbox 1101 813 1354 872; x_wconf 45' lang='lat' dir='ltr'>&amp;sensui-us,</span> <span class='ocrx_word' id='word_1_50' title='bbox 1392 824 1455 866; x_wconf 87' lang='lat' dir='ltr'>sed</span> <span class='ocrx_word' id='word_1_51' title='bbox 1481 825 1590 864; x_wconf 74' lang='lat' dir='ltr'>simul</span> <span class='ocrx_word' id='word_1_52' title='bbox 1617 824 1766 866; x_wconf 82' lang='lat' dir='ltr'>causam</span> 
     </span>
    </p>
   </div>
   <div class='ocr_carea' id='block_1_6' title="bbox 380 883 1057 2738">
    <p class='ocr_par' dir='ltr' id='par_1_7' title="bbox 388 883 1057 1658">
     <span class='ocr_line' id='line_1_10' title="bbox 390 883 1051 937; baseline -0.006 -13"><span class='ocrx_word' id='word_1_53' title='bbox 390 885 501 937; x_wconf 86' lang='lat' dir='ltr'>tique</span> <span class='ocrx_word' id='word_1_54' title='bbox 516 885 710 924; x_wconf 70' lang='lat' dir='ltr'>natalium.</span> <span class='ocrx_word' id='word_1_55' title='bbox 767 883 830 922; x_wconf 80' lang='lat' dir='ltr'>Ex</span> <span class='ocrx_word' id='word_1_56' title='bbox 846 896 917 937; x_wconf 82' lang='lat' dir='ltr'>qua</span> <span class='ocrx_word' id='word_1_57' title='bbox 938 898 976 922; x_wconf 88' lang='lat' dir='ltr'>re</span> <span class='ocrx_word' id='word_1_58' title='bbox 989 885 1051 921; x_wconf 83' lang='lat' dir='ltr'>mi-</span> 
     </span>
     <span class='ocr_line' id='line_1_11' title="bbox 389 940 1053 994; baseline -0.003 -14"><span class='ocrx_word' id='word_1_59' title='bbox 389 955 460 981; x_wconf 70' lang='lat' dir='ltr'>nas</span> <span class='ocrx_word' id='word_1_60' title='bbox 488 943 542 980; x_wconf 83' lang='lat' dir='ltr'>rei</span> <span class='ocrx_word' id='word_1_61' title='bbox 567 940 699 994; x_wconf 87' lang='lat' dir='ltr'>foret]</span> <span class='ocrx_word' id='word_1_62' title='bbox 742 941 851 980; x_wconf 78' lang='lat' dir='ltr'>Haec</span> <span class='ocrx_word' id='word_1_63' title='bbox 880 940 1053 979; x_wconf 57' lang='lat' dir='ltr'>afflatio</span> 
     </span>
     <span class='ocr_line' id='line_1_12' title="bbox 390 997 1053 1048; baseline -0.005 -11"><span class='ocrx_word' id='word_1_64' title='bbox 390 999 446 1038; x_wconf 87' lang='lat' dir='ltr'>est</span> <span class='ocrx_word' id='word_1_65' title='bbox 482 998 651 1036; x_wconf 75' lang='lat' dir='ltr'>criminis</span> <span class='ocrx_word' id='word_1_66' title='bbox 679 997 863 1039; x_wconf 79' lang='lat' dir='ltr'>oratoria:</span> <span class='ocrx_word' id='word_1_67' title='bbox 900 997 943 1035; x_wconf 87' lang='lat' dir='ltr'>in</span> <span class='ocrx_word' id='word_1_68' title='bbox 975 1009 1053 1048; x_wconf 83' lang='lat' dir='ltr'>qua</span> 
     </span>
     <span class='ocr_line' id='line_1_13' title="bbox 391 1051 1052 1105; baseline -0.005 -12"><span class='ocrx_word' id='word_1_69' title='bbox 391 1051 574 1095; x_wconf 85' lang='lat' dir='ltr'>defensor</span> <span class='ocrx_word' id='word_1_70' title='bbox 592 1051 743 1092; x_wconf 81' lang='lat' dir='ltr'>accusat</span> <span class='ocrx_word' id='word_1_71' title='bbox 769 1052 956 1105; x_wconf 78' lang='lat' dir='ltr'>(excustzt)</span> <span class='ocrx_word' id='word_1_72' title='bbox 984 1053 1052 1091; x_wconf 84' lang='lat' dir='ltr'>cri-</span> 
     </span>
     <span class='ocr_line' id='line_1_14' title="bbox 388 1108 1053 1163; baseline -0.006 -12"><span class='ocrx_word' id='word_1_73' title='bbox 388 1124 506 1158; x_wconf 85' lang='lat' dir='ltr'>men,</span> <span class='ocrx_word' id='word_1_74' title='bbox 548 1122 740 1161; x_wconf 80' lang='lat' dir='ltr'>reumque</span> <span class='ocrx_word' id='word_1_75' title='bbox 772 1120 922 1163; x_wconf 84' lang='lat' dir='ltr'>purgat.</span> <span class='ocrx_word' id='word_1_76' title='bbox 989 1108 1053 1148; x_wconf 74' lang='lat' dir='ltr'>Ex·</span> 
     </span>
     <span class='ocr_line' id='line_1_15' title="bbox 391 1163 1054 1222; baseline -0.002 -17"><span class='ocrx_word' id='word_1_77' title='bbox 391 1181 466 1222; x_wconf 80' lang='lat' dir='ltr'>qua</span> <span class='ocrx_word' id='word_1_78' title='bbox 486 1176 541 1216; x_wconf 78' lang='lat' dir='ltr'>re]</span> <span class='ocrx_word' id='word_1_79' title='bbox 574 1165 850 1206; x_wconf 76' lang='lat' dir='ltr'>Hautvenuste</span> <span class='ocrx_word' id='word_1_80' title='bbox 867 1163 1054 1205; x_wconf 79' lang='lat' dir='ltr'>infertum</span> 
     </span>
     <span class='ocr_line' id='line_1_16' title="bbox 391 1219 1053 1274; baseline -0.002 -11"><span class='ocrx_word' id='word_1_81' title='bbox 391 1225 469 1272; x_wconf 84' lang='lat' dir='ltr'>Re,</span> <span class='ocrx_word' id='word_1_82' title='bbox 495 1236 582 1261; x_wconf 87' lang='lat' dir='ltr'>cum</span> <span class='ocrx_word' id='word_1_83' title='bbox 609 1219 882 1274; x_wconf 71' lang='lat' dir='ltr'>praeposuifl‘et</span> <span class='ocrx_word' id='word_1_84' title='bbox 901 1221 1053 1274; x_wconf 80' lang='lat' dir='ltr'>culpam.</span> 
     </span>
     <span class='ocr_line' id='line_1_17' title="bbox 389 1279 1054 1332; baseline -0.006 -11"><span class='ocrx_word' id='word_1_85' title='bbox 389 1281 525 1321; x_wconf 75' lang='lat' dir='ltr'>Minus</span> <span class='ocrx_word' id='word_1_86' title='bbox 550 1280 604 1317; x_wconf 77' lang='lat' dir='ltr'>rei</span> <span class='ocrx_word' id='word_1_87' title='bbox 617 1279 752 1332; x_wconf 77' lang='lat' dir='ltr'>joret]</span> <span class='ocrx_word' id='word_1_88' title='bbox 783 1281 887 1330; x_wconf 78' lang='lat' dir='ltr'>Quia</span> <span class='ocrx_word' id='word_1_89' title='bbox 910 1292 1054 1330; x_wconf 83' lang='lat' dir='ltr'>paupe·</span> 
     </span>
     <span class='ocr_line' id='line_1_18' title="bbox 393 1334 1055 1389; baseline -0.003 -13"><span class='ocrx_word' id='word_1_90' title='bbox 393 1349 490 1389; x_wconf 60' lang='lat' dir='ltr'>rem.</span> <span class='ocrx_word' id='word_1_91' title='bbox 561 1334 710 1385; x_wconf 80' lang='lat' dir='ltr'><em>Famae]</em></span> <span class='ocrx_word' id='word_1_92' title='bbox 758 1336 862 1386; x_wconf 75' lang='lat' dir='ltr'>Quia</span> <span class='ocrx_word' id='word_1_93' title='bbox 902 1336 913 1373; x_wconf 86' lang='lat' dir='ltr'>i</span> <span class='ocrx_word' id='word_1_94' title='bbox 947 1335 1055 1374; x_wconf 84' lang='lat' dir='ltr'>nobi-</span> 
     </span>
     <span class='ocr_line' id='line_1_19' title="bbox 391 1348 1054 1443; baseline -0.003 -11"><span class='ocrx_word' id='word_1_95' title='bbox 391 1394 488 1432; x_wconf 86' lang='lat' dir='ltr'><strong>lem.</strong></span> <span class='ocrx_word' id='word_1_96' title='bbox 551 1392 793 1443; x_wconf 78' lang='lat' dir='ltr'><em>Temperans]</em></span> <span class='ocrx_word' id='word_1_97' title='bbox 820 1348 1054 1437; x_wconf 47' lang='lat' dir='ltr'>Conffiilens,</span> 
     </span>
     <span class='ocr_line' id='line_1_20' title="bbox 389 1447 1057 1502; baseline 0 -14"><span class='ocrx_word' id='word_1_98' title='bbox 389 1447 621 1502; x_wconf 85' lang='lat' dir='ltr'>prouidens,</span> <span class='ocrx_word' id='word_1_99' title='bbox 641 1447 874 1487; x_wconf 78' lang='lat' dir='ltr'>moderatus.</span> <span class='ocrx_word' id='word_1_100' title='bbox 905 1459 943 1487; x_wconf 81' lang='lat' dir='ltr'>vt</span> <span class='ocrx_word' id='word_1_101' title='bbox 962 1449 1057 1501; x_wconf 85' lang='lat' dir='ltr'>(Ge-</span> 
     </span>
     <span class='ocr_line' id='line_1_21' title="bbox 392 1504 1054 1559; baseline -0.002 -15"><span class='ocrx_word' id='word_1_102' title='bbox 392 1520 474 1559; x_wconf 80' lang='lat' dir='ltr'>org.</span> <span class='ocrx_word' id='word_1_103' title='bbox 496 1518 527 1553; x_wconf 85' lang='lat'>1,</span> <span class='ocrx_word' id='word_1_104' title='bbox 546 1507 674 1557; x_wconf 72' lang='lat'>360),</span> <span class='ocrx_word' id='word_1_105' title='bbox 694 1505 774 1544; x_wconf 84' lang='lat' dir='ltr'>Iam</span> <span class='ocrx_word' id='word_1_106' title='bbox 783 1504 861 1556; x_wconf 78' lang='lat' dir='ltr'>fibi</span> <span class='ocrx_word' id='word_1_107' title='bbox 878 1518 957 1544; x_wconf 83' lang='lat' dir='ltr'>tum</span> <span class='ocrx_word' id='word_1_108' title='bbox 975 1517 1054 1543; x_wconf 87' lang='lat' dir='ltr'>cur-</span> 
     </span>
     <span class='ocr_line' id='line_1_22' title="bbox 390 1561 1055 1616; baseline -0.005 -13"><span class='ocrx_word' id='word_1_109' title='bbox 390 1566 450 1603; x_wconf 82' lang='lat' dir='ltr'>uis</span> <span class='ocrx_word' id='word_1_110' title='bbox 490 1561 582 1601; x_wconf 74' lang='lat' dir='ltr'>male</span> <span class='ocrx_word' id='word_1_111' title='bbox 615 1573 792 1616; x_wconf 75' lang='lat' dir='ltr'><em>temperat</em></span> <span class='ocrx_word' id='word_1_112' title='bbox 823 1562 922 1601; x_wconf 82' lang='lat' dir='ltr'>vnda</span> <span class='ocrx_word' id='word_1_113' title='bbox 957 1562 1055 1601; x_wconf 74' lang='lat' dir='ltr'>cari-</span> 
     </span>
     <span class='ocr_line' id='line_1_23' title="bbox 390 1620 571 1658; baseline -0.011 0"><span class='ocrx_word' id='word_1_114' title='bbox 390 1623 461 1658; x_wconf 83' lang='lat' dir='ltr'>nis.</span> <span class='ocrx_word' id='word_1_115' title='bbox 523 1620 571 1658; x_wconf 94' lang='lat' dir='ltr'>D.</span> 
     </span>
    </p>

    <p class='ocr_par' dir='ltr' id='par_1_8' title="bbox 380 1673 1057 2558">
     <span class='ocr_line' id='line_1_24' title="bbox 449 1673 1055 1726; baseline -0.003 -14"><span class='ocrx_word' id='word_1_116' title='bbox 449 1686 505 1726; x_wconf 84' lang='lat'>42</span> <span class='ocrx_word' id='word_1_117' title='bbox 534 1674 628 1713; x_wconf 84' lang='lat' dir='ltr'>Non</span> <span class='ocrx_word' id='word_1_118' title='bbox 657 1673 800 1724; x_wconf 48' lang='grc' dir='ltr'>ωτι-[ἱππ</span> <span class='ocrx_word' id='word_1_119' title='bbox 832 1674 930 1724; x_wconf 80' lang='lat' dir='ltr'>dico]</span> <span class='ocrx_word' id='word_1_120' title='bbox 963 1677 1055 1713; x_wconf 87' lang='lat' dir='ltr'>Non</span> 
     </span>
     <span class='ocr_line' id='line_1_25' title="bbox 390 1727 1055 1781; baseline -0.005 -12"><span class='ocrx_word' id='word_1_121' title='bbox 390 1727 544 1776; x_wconf 80' lang='lat' dir='ltr'>recus0‚</span> <span class='ocrx_word' id='word_1_122' title='bbox 585 1743 668 1768; x_wconf 86' lang='lat' dir='ltr'>non</span> <span class='ocrx_word' id='word_1_123' title='bbox 699 1730 897 1781; x_wconf 88' lang='lat' dir='ltr'>deprecor.</span> <span class='ocrx_word' id='word_1_124' title='bbox 951 1727 1055 1781; x_wconf 76' lang='lat' dir='ltr'>Qin</span> 
     </span>
     <span class='ocr_line' id='line_1_26' title="bbox 391 1783 1054 1840; baseline -0.002 -17"><span class='ocrx_word' id='word_1_125' title='bbox 391 1786 492 1840; x_wconf 81' lang='lat' dir='ltr'>quod</span> <span class='ocrx_word' id='word_1_126' title='bbox 509 1788 662 1824; x_wconf 67' lang='lat' dir='ltr'>meritus</span> <span class='ocrx_word' id='word_1_127' title='bbox 665 1783 730 1836; x_wconf 84' lang='lat' dir='ltr'>fit,</span> <span class='ocrx_word' id='word_1_128' title='bbox 751 1785 880 1837; x_wconf 72' lang='lat' dir='ltr'>firat]</span> <span class='ocrx_word' id='word_1_129' title='bbox 911 1783 1054 1825; x_wconf 86' lang='lat' dir='ltr'>Rheto-</span> 
     </span>
     <span class='ocr_line' id='line_1_27' title="bbox 390 1838 1056 1886; baseline -0.005 -5"><span class='ocrx_word' id='word_1_130' title='bbox 390 1842 517 1881; x_wconf 76' lang='lat' dir='ltr'>ricum</span> <span class='ocrx_word' id='word_1_131' title='bbox 530 1841 688 1886; x_wconf 64' lang='grc' dir='ltr'>θεώρημα</span> <span class='ocrx_word' id='word_1_132' title='bbox 706 1843 746 1881; x_wconf 89' lang='lat' dir='ltr'>in</span> <span class='ocrx_word' id='word_1_133' title='bbox 759 1838 974 1880; x_wconf 83' lang='lat' dir='ltr'>huiusmodi</span> <span class='ocrx_word' id='word_1_134' title='bbox 993 1853 1056 1878; x_wconf 83' lang='lat' dir='ltr'>ex-</span> 
     </span>
     <span class='ocr_line' id='line_1_28' title="bbox 393 1895 1054 1949; baseline -0.005 -12"><span class='ocrx_word' id='word_1_135' title='bbox 393 1897 662 1949; x_wconf 79' lang='lat' dir='ltr'>ceptionibus:</span> <span class='ocrx_word' id='word_1_136' title='bbox 691 1912 771 1949; x_wconf 87' lang='lat' dir='ltr'>quo</span> <span class='ocrx_word' id='word_1_137' title='bbox 791 1898 841 1936; x_wconf 76' lang='lat' dir='ltr'>vti</span> <span class='ocrx_word' id='word_1_138' title='bbox 862 1895 968 1943; x_wconf 87' lang='lat' dir='ltr'>solet,</span> <span class='ocrx_word' id='word_1_139' title='bbox 988 1897 1054 1948; x_wconf 87' lang='lat' dir='ltr'>qui</span> 
     </span>
     <span class='ocr_line' id='line_1_29' title="bbox 390 1951 1056 2007; baseline -0.003 -15"><span class='ocrx_word' id='word_1_140' title='bbox 390 1952 614 2007; x_wconf 81' lang='lat' dir='ltr'>propofitae</span> <span class='ocrx_word' id='word_1_141' title='bbox 635 1951 768 1994; x_wconf 83' lang='lat' dir='ltr'>causae</span> <span class='ocrx_word' id='word_1_142' title='bbox 787 1953 966 1993; x_wconf 80' lang='lat' dir='ltr'>fiduciam</span> <span class='ocrx_word' id='word_1_143' title='bbox 988 1965 1056 2006; x_wconf 83' lang='lat' dir='ltr'>ge-</span> 
     </span>
     <span class='ocr_line' id='line_1_30' title="bbox 391 2008 1056 2058; baseline -0.005 -8"><span class='ocrx_word' id='word_1_144' title='bbox 391 2012 455 2058; x_wconf 84' lang='lat' dir='ltr'>rit,</span> <span class='ocrx_word' id='word_1_145' title='bbox 477 2010 516 2050; x_wconf 88' lang='lat' dir='ltr'>Si</span> <span class='ocrx_word' id='word_1_146' title='bbox 540 2008 613 2050; x_wconf 86' lang='lat' dir='ltr'>hoc</span> <span class='ocrx_word' id='word_1_147' title='bbox 641 2022 708 2050; x_wconf 81' lang='lat' dir='ltr'>aut</span> <span class='ocrx_word' id='word_1_148' title='bbox 736 2009 851 2057; x_wconf 83' lang='lat' dir='ltr'>illud,</span> <span class='ocrx_word' id='word_1_149' title='bbox 883 2022 964 2048; x_wconf 88' lang='lat' dir='ltr'>non</span> <span class='ocrx_word' id='word_1_150' title='bbox 987 2021 1056 2048; x_wconf 92' lang='lat' dir='ltr'>oro</span> 
     </span>
     <span class='ocr_line' id='line_1_31' title="bbox 390 2067 1052 2119; baseline -0.005 -13"><span class='ocrx_word' id='word_1_151' title='bbox 390 2069 561 2113; x_wconf 83' lang='lat' dir='ltr'>veniam,</span> <span class='ocrx_word' id='word_1_152' title='bbox 575 2081 658 2107; x_wconf 86' lang='lat' dir='ltr'>non</span> <span class='ocrx_word' id='word_1_153' title='bbox 669 2067 859 2119; x_wconf 89' lang='lat' dir='ltr'>deprecor</span> <span class='ocrx_word' id='word_1_154' title='bbox 869 2078 1052 2117; x_wconf 90' lang='lat' dir='ltr'>poenam.</span> 
     </span>
     <span class='ocr_line' id='line_1_32' title="bbox 391 2122 1057 2177; baseline -0.006 -15"><span class='ocrx_word' id='word_1_155' title='bbox 391 2123 498 2175; x_wconf 72' lang='lat' dir='ltr'>Quin</span> <span class='ocrx_word' id='word_1_156' title='bbox 527 2125 627 2176; x_wconf 83' lang='lat' dir='ltr'>quod</span> <span class='ocrx_word' id='word_1_157' title='bbox 654 2126 810 2164; x_wconf 79' lang='lat' dir='ltr'>meritus</span> <span class='ocrx_word' id='word_1_158' title='bbox 834 2122 900 2177; x_wconf 79' lang='lat' dir='ltr'>sit]</span> <span class='ocrx_word' id='word_1_159' title='bbox 940 2124 1057 2162; x_wconf 85' lang='lat' dir='ltr'>Hunc</span> 
     </span>
     <span class='ocr_line' id='line_1_33' title="bbox 392 2177 1057 2232; baseline -0.006 -14"><span class='ocrx_word' id='word_1_160' title='bbox 392 2177 643 2219; x_wconf 77' lang='lat' dir='ltr'><strong>defensorem</strong></span> <span class='ocrx_word' id='word_1_161' title='bbox 670 2182 792 2232; x_wconf 81' lang='lat' dir='ltr'>magis</span> <span class='ocrx_word' id='word_1_162' title='bbox 823 2189 860 2217; x_wconf 87' lang='lat' dir='ltr'>et</span> <span class='ocrx_word' id='word_1_163' title='bbox 892 2190 973 2217; x_wconf 89' lang='lat' dir='ltr'>non</span> <span class='ocrx_word' id='word_1_164' title='bbox 1003 2177 1057 2215; x_wconf 87' lang='lat' dir='ltr'>iu-</span> 
     </span>
     <span class='ocr_line' id='line_1_34' title="bbox 391 2233 1056 2287; baseline -0.008 -12"><span class='ocrx_word' id='word_1_165' title='bbox 391 2235 523 2275; x_wconf 86' lang='lat' dir='ltr'>dicem</span> <span class='ocrx_word' id='word_1_166' title='bbox 544 2236 682 2275; x_wconf 85' lang='lat' dir='ltr'>dicam.</span> <span class='ocrx_word' id='word_1_167' title='bbox 713 2233 779 2274; x_wconf 87' lang='lat' dir='ltr'>sed</span> <span class='ocrx_word' id='word_1_168' title='bbox 810 2235 873 2274; x_wconf 82' lang='lat' dir='ltr'>hic</span> <span class='ocrx_word' id='word_1_169' title='bbox 903 2233 1056 2287; x_wconf 78' lang='lat' dir='ltr'>colligi-</span> 
     </span>
     <span class='ocr_line' id='line_1_35' title="bbox 391 2290 1055 2343; baseline -0.005 -13"><span class='ocrx_word' id='word_1_170' title='bbox 391 2301 454 2330; x_wconf 80' lang='lat' dir='ltr'>ttn·</span> <span class='ocrx_word' id='word_1_171' title='bbox 501 2293 778 2343; x_wconf 83' lang='lat' dir='ltr'>patrocinantis</span> <span class='ocrx_word' id='word_1_172' title='bbox 831 2290 1055 2330; x_wconf 61' lang='lat' dir='ltr'>aucioritas:</span> 
     </span>
     <span class='ocr_line' id='line_1_36' title="bbox 394 2346 1056 2401; baseline -0.008 -14"><span class='ocrx_word' id='word_1_173' title='bbox 394 2362 477 2387; x_wconf 89' lang='lat' dir='ltr'>non</span> <span class='ocrx_word' id='word_1_174' title='bbox 499 2350 606 2401; x_wconf 82' lang='lat' dir='ltr'>enim</span> <span class='ocrx_word' id='word_1_175' title='bbox 628 2349 736 2397; x_wconf 85' lang='lat' dir='ltr'>dixit,</span> <span class='ocrx_word' id='word_1_176' title='bbox 759 2347 875 2400; x_wconf 73' lang='lat' dir='ltr'>Qod</span> <span class='ocrx_word' id='word_1_177' title='bbox 892 2346 1056 2385; x_wconf 85' lang='lat' dir='ltr'>voluerit</span> 
     </span>
     <span class='ocr_line' id='line_1_37' title="bbox 391 2402 1056 2500; baseline -0.003 -58"><span class='ocrx_word' id='word_1_178' title='bbox 391 2405 614 2457; x_wconf 78' lang='lat' dir='ltr'>(volueris),</span> <span class='ocrx_word' id='word_1_179' title='bbox 653 2402 717 2443; x_wconf 86' lang='lat' dir='ltr'>sed</span> <span class='ocrx_word' id='word_1_180' title='bbox 749 2403 872 2500; x_wconf 64' lang='lat' dir='ltr'>Qsuod</span> <span class='ocrx_word' id='word_1_181' title='bbox 906 2405 1056 2441; x_wconf 81' lang='lat' dir='ltr'>meritus</span> 
     </span>
     <span class='ocr_line' id='line_1_38' title="bbox 380 2458 1055 2510; baseline -0.003 -11"><span class='ocrx_word' id='word_1_182' title='bbox 380 2458 446 2510; x_wconf 82' lang='lat' dir='ltr'>fit,</span> <span class='ocrx_word' id='word_1_183' title='bbox 469 2472 659 2500; x_wconf 76' lang='lat' dir='ltr'>manente</span> <span class='ocrx_word' id='word_1_184' title='bbox 681 2473 750 2509; x_wconf 86' lang='lat' dir='ltr'>eo,</span> <span class='ocrx_word' id='word_1_185' title='bbox 800 2460 809 2500; x_wconf 91' lang='lat' dir='ltr'>i</span> <span class='ocrx_word' id='word_1_186' title='bbox 833 2459 1055 2510; x_wconf 84' lang='lat' dir='ltr'>peccauerit</span> 
     </span>
     <span class='ocr_line' id='line_1_39' title="bbox 392 2520 642 2558; baseline 0.008 -4"><span class='ocrx_word' id='word_1_187' title='bbox 392 2527 535 2555; x_wconf 78' lang='lat' dir='ltr'>tamen.</span> <span class='ocrx_word' id='word_1_188' title='bbox 592 2520 642 2558; x_wconf 92' lang='lat' dir='ltr'>D.</span> 
     </span>
    </p>

    <p class='ocr_par' dir='ltr' id='par_1_9' title="bbox 392 2570 1053 2680">
     <span class='ocr_line' id='line_1_40' title="bbox 445 2570 1053 2613; baseline 0 -3"><span class='ocrx_word' id='word_1_189' title='bbox 445 2575 517 2610; x_wconf 76' lang='lat' dir='ltr'>Pro</span> <span class='ocrx_word' id='word_1_190' title='bbox 538 2574 593 2613; x_wconf 73' lang='lat' dir='ltr'>Sit</span> <span class='ocrx_word' id='word_1_191' title='bbox 614 2586 711 2612; x_wconf 87' lang='lat' dir='ltr'>vnus</span> <span class='ocrx_word' id='word_1_192' title='bbox 729 2586 752 2612; x_wconf 88' lang='lat' dir='ltr'>e</span> <span class='ocrx_word' id='word_1_193' title='bbox 775 2571 911 2611; x_wconf 81' lang='lat' dir='ltr'>nostris</span> <span class='ocrx_word' id='word_1_194' title='bbox 934 2570 1053 2611; x_wconf 81' lang='lat' dir='ltr'>habet</span> 
     </span>
     <span class='ocr_line' id='line_1_41' title="bbox 392 2627 698 2680; baseline 0.003 -14"><span class='ocrx_word' id='word_1_195' title='bbox 392 2627 466 2680; x_wconf 76' lang='lat' dir='ltr'>Est,</span> <span class='ocrx_word' id='word_1_196' title='bbox 491 2630 601 2667; x_wconf 80' lang='lat' dir='ltr'>male.</span> <span class='ocrx_word' id='word_1_197' title='bbox 658 2633 698 2669; x_wconf 84' lang='grc' dir='ltr'>Β.</span> 
     </span>
    </p>

    <p class='ocr_par' dir='ltr' id='par_1_10' title="bbox 445 2684 1053 2738">
     <span class='ocr_line' id='line_1_42' title="bbox 445 2684 1053 2738; baseline 0 -15"><span class='ocrx_word' id='word_1_198' title='bbox 445 2695 498 2737; x_wconf 80' lang='lat'>43</span> <span class='ocrx_word' id='word_1_199' title='bbox 537 2684 608 2724; x_wconf 74' lang='lat' dir='ltr'>Sed</span> <span class='ocrx_word' id='word_1_200' title='bbox 639 2684 748 2738; x_wconf 70' lang='lat' dir='ltr'>fi&#39;quis</span> <span class='ocrx_word' id='word_1_201' title='bbox 764 2686 878 2737; x_wconf 63' lang='lat' dir='ltr'>sorte</span> <span class='ocrx_word' id='word_1_202' title='bbox 906 2684 1053 2725; x_wconf 63' lang='lat' dir='ltr'>malitia</span> 
     </span>
    </p>
   </div>
   <div class='ocr_carea' id='block_1_7' title="bbox 1097 882 1774 2776">
    <p class='ocr_par' dir='ltr' id='par_1_11' title="bbox 1101 882 1772 1217">
     <span class='ocr_line' id='line_1_43' title="bbox 1102 882 1770 937; baseline -0.001 -15"><span class='ocrx_word' id='word_1_203' title='bbox 1102 885 1330 937; x_wconf 77' lang='lat' dir='ltr'>cogniturus</span> <span class='ocrx_word' id='word_1_204' title='bbox 1348 882 1568 921; x_wconf 82' lang='lat' dir='ltr'>aduenerir.</span> <span class='ocrx_word' id='word_1_205' title='bbox 1591 889 1665 921; x_wconf 82' lang='lat' dir='ltr'>nec</span> <span class='ocrx_word' id='word_1_206' title='bbox 1677 896 1770 921; x_wconf 87' lang='lat' dir='ltr'>con·</span> 
     </span>
     <span class='ocr_line' id='line_1_44' title="bbox 1101 935 1770 990; baseline -0.004 -10"><span class='ocrx_word' id='word_1_207' title='bbox 1101 939 1230 980; x_wconf 85' lang='lat' dir='ltr'>tendit</span> <span class='ocrx_word' id='word_1_208' title='bbox 1258 952 1390 979; x_wconf 75' lang='lat' dir='ltr'>verum</span> <span class='ocrx_word' id='word_1_209' title='bbox 1421 935 1499 978; x_wconf 90' lang='lat' dir='ltr'>esse</span> <span class='ocrx_word' id='word_1_210' title='bbox 1529 938 1637 990; x_wconf 87' lang='lat' dir='ltr'>quod</span> <span class='ocrx_word' id='word_1_211' title='bbox 1665 938 1770 987; x_wconf 89' lang='lat' dir='ltr'>dicit,</span> 
     </span>
     <span class='ocr_line' id='line_1_45' title="bbox 1104 993 1770 1037; baseline -0.002 -2"><span class='ocrx_word' id='word_1_212' title='bbox 1104 1010 1158 1037; x_wconf 88' lang='lat' dir='ltr'>ne</span> <span class='ocrx_word' id='word_1_213' title='bbox 1180 993 1383 1035; x_wconf 82' lang='lat' dir='ltr'>sollicitum</span> <span class='ocrx_word' id='word_1_214' title='bbox 1403 993 1518 1034; x_wconf 84' lang='lat' dir='ltr'>saciat</span> <span class='ocrx_word' id='word_1_215' title='bbox 1538 994 1585 1034; x_wconf 79' lang='lat' dir='ltr'>ad</span> <span class='ocrx_word' id='word_1_216' title='bbox 1607 995 1770 1035; x_wconf 86' lang='lat' dir='ltr'>creden·</span> 
     </span>
     <span class='ocr_line' id='line_1_46' title="bbox 1103 1051 1768 1105; baseline -0.003 -13"><span class='ocrx_word' id='word_1_217' title='bbox 1103 1054 1206 1092; x_wconf 89' lang='lat' dir='ltr'>dum.</span> <span class='ocrx_word' id='word_1_218' title='bbox 1262 1052 1325 1091; x_wconf 86' lang='lat' dir='ltr'>Sic</span> <span class='ocrx_word' id='word_1_219' title='bbox 1355 1051 1459 1104; x_wconf 78' lang='lat' dir='ltr'>apud</span> <span class='ocrx_word' id='word_1_220' title='bbox 1484 1052 1687 1105; x_wconf 82' lang='lat' dir='ltr'>Virgilium</span> <span class='ocrx_word' id='word_1_221' title='bbox 1716 1053 1768 1092; x_wconf 83' lang='lat' dir='ltr'>Si-</span> 
     </span>
     <span class='ocr_line' id='line_1_47' title="bbox 1103 1108 1772 1162; baseline 0 -14"><span class='ocrx_word' id='word_1_222' title='bbox 1103 1123 1189 1148; x_wconf 90' lang='lat' dir='ltr'>non</span> <span class='ocrx_word' id='word_1_223' title='bbox 1210 1112 1333 1159; x_wconf 83' lang='lat' dir='ltr'>(Aen.</span> <span class='ocrx_word' id='word_1_224' title='bbox 1357 1121 1400 1156; x_wconf 81' lang='lat'>11,</span> <span class='ocrx_word' id='word_1_225' title='bbox 1426 1110 1548 1162; x_wconf 73' lang='lat'>136),</span> <span class='ocrx_word' id='word_1_226' title='bbox 1565 1108 1670 1148; x_wconf 86' lang='lat' dir='ltr'>Dum</span> <span class='ocrx_word' id='word_1_227' title='bbox 1691 1109 1772 1148; x_wconf 82' lang='lat' dir='ltr'>vela</span> 
     </span>
     <span class='ocr_line' id='line_1_48' title="bbox 1102 1164 1713 1217; baseline -0.003 -11"><span class='ocrx_word' id='word_1_228' title='bbox 1102 1167 1246 1210; x_wconf 80' lang='lat' dir='ltr'>darent,</span> <span class='ocrx_word' id='word_1_229' title='bbox 1260 1164 1411 1216; x_wconf 80' lang='lat' dir='ltr'>fisorte</span> <span class='ocrx_word' id='word_1_230' title='bbox 1427 1164 1611 1217; x_wconf 67' lang='lat' dir='ltr'>dedissent.</span> <span class='ocrx_word' id='word_1_231' title='bbox 1664 1167 1713 1206; x_wconf 90' lang='lat' dir='ltr'>D.</span> 
     </span>
    </p>

    <p class='ocr_par' dir='ltr' id='par_1_12' title="bbox 1097 1221 1773 1777">
     <span class='ocr_line' id='line_1_49' title="bbox 1157 1221 1771 1276; baseline -0.002 -15"><span class='ocrx_word' id='word_1_232' title='bbox 1157 1235 1213 1276; x_wconf 61' lang='lat'>44</span> <span class='ocrx_word' id='word_1_233' title='bbox 1239 1222 1393 1273; x_wconf 75' lang='lat' dir='ltr'>Insidias</span> <span class='ocrx_word' id='word_1_234' title='bbox 1411 1221 1552 1273; x_wconf 79' lang='lat' dir='ltr'>nostrae</span> <span class='ocrx_word' id='word_1_235' title='bbox 1572 1222 1672 1273; x_wconf 83' lang='lat' dir='ltr'>fecit</span> <span class='ocrx_word' id='word_1_236' title='bbox 1683 1221 1771 1261; x_wconf 86' lang='lat' dir='ltr'>ado-</span> 
     </span>
     <span class='ocr_line' id='line_1_50' title="bbox 1104 1275 1771 1333; baseline -0.001 -15"><span class='ocrx_word' id='word_1_237' title='bbox 1104 1278 1309 1329; x_wconf 69' lang='lat' dir='ltr'>lescemiac]</span> <span class='ocrx_word' id='word_1_238' title='bbox 1340 1281 1446 1318; x_wconf 84' lang='lat' dir='ltr'>Bene</span> <span class='ocrx_word' id='word_1_239' title='bbox 1467 1275 1708 1333; x_wconf 85' lang='lat' dir='ltr'>se·adiungit</span> <span class='ocrx_word' id='word_1_240' title='bbox 1720 1277 1771 1318; x_wconf 86' lang='lat' dir='ltr'>ad</span> 
     </span>
     <span class='ocr_line' id='line_1_51' title="bbox 1107 1335 1773 1387; baseline 0 -13"><span class='ocrx_word' id='word_1_241' title='bbox 1107 1337 1270 1385; x_wconf 81' lang='lat' dir='ltr'>crimen,</span> <span class='ocrx_word' id='word_1_242' title='bbox 1294 1344 1333 1372; x_wconf 82' lang='lat' dir='ltr'>vt</span> <span class='ocrx_word' id='word_1_243' title='bbox 1352 1336 1481 1374; x_wconf 86' lang='lat' dir='ltr'>eleuet</span> <span class='ocrx_word' id='word_1_244' title='bbox 1502 1335 1663 1387; x_wconf 83' lang='lat' dir='ltr'>culpam.</span> <span class='ocrx_word' id='word_1_245' title='bbox 1709 1335 1773 1374; x_wconf 83' lang='lat' dir='ltr'>In-</span> 
     </span>
     <span class='ocr_line' id='line_1_52' title="bbox 1097 1388 1766 1446; baseline -0.003 -15"><span class='ocrx_word' id='word_1_246' title='bbox 1097 1391 1217 1444; x_wconf 80' lang='lat' dir='ltr'>fi&#39;dias</span> <span class='ocrx_word' id='word_1_247' title='bbox 1227 1390 1468 1444; x_wconf 65' lang='lat' dir='ltr'>nostraefbcit</span> <span class='ocrx_word' id='word_1_248' title='bbox 1479 1388 1766 1446; x_wconf 59' lang='lat' dir='ltr'>adolescentiae]</span> 
     </span>
     <span class='ocr_line' id='line_1_53' title="bbox 1107 1447 1771 1497; baseline -0.008 -6"><span class='ocrx_word' id='word_1_249' title='bbox 1107 1450 1212 1491; x_wconf 83' lang='lat' dir='ltr'>Mire</span> <span class='ocrx_word' id='word_1_250' title='bbox 1232 1447 1388 1497; x_wconf 65' lang='lat' dir='ltr'>Insidias</span> <span class='ocrx_word' id='word_1_251' title='bbox 1400 1448 1517 1486; x_wconf 76' lang='lat' dir='ltr'>dixit:</span> <span class='ocrx_word' id='word_1_252' title='bbox 1537 1459 1576 1487; x_wconf 89' lang='lat' dir='ltr'>vt</span> <span class='ocrx_word' id='word_1_253' title='bbox 1589 1449 1652 1487; x_wconf 88' lang='lat' dir='ltr'>diu</span> <span class='ocrx_word' id='word_1_254' title='bbox 1668 1461 1771 1486; x_wconf 82' lang='lat' dir='ltr'>com-</span> 
     </span>
     <span class='ocr_line' id='line_1_54' title="bbox 1107 1501 1771 1558; baseline -0.002 -14"><span class='ocrx_word' id='word_1_255' title='bbox 1107 1516 1237 1558; x_wconf 82' lang='lat' dir='ltr'>parata</span> <span class='ocrx_word' id='word_1_256' title='bbox 1257 1501 1385 1549; x_wconf 76' lang='lat' dir='ltr'>causa,</span> <span class='ocrx_word' id='word_1_257' title='bbox 1417 1517 1487 1556; x_wconf 84' lang='lat' dir='ltr'>per</span> <span class='ocrx_word' id='word_1_258' title='bbox 1506 1505 1771 1557; x_wconf 69' lang='lat' dir='ltr'>ignorantiam</span> 
     </span>
     <span class='ocr_line' id='line_1_55' title="bbox 1109 1559 1772 1614; baseline -0.002 -14"><span class='ocrx_word' id='word_1_259' title='bbox 1109 1559 1297 1614; x_wconf 80' lang='lat' dir='ltr'>dolosque</span> <span class='ocrx_word' id='word_1_260' title='bbox 1320 1562 1418 1613; x_wconf 82' lang='lat' dir='ltr'>capti</span> <span class='ocrx_word' id='word_1_261' title='bbox 1441 1560 1660 1600; x_wconf 71' lang='lat' dir='ltr'>videantur.</span> <span class='ocrx_word' id='word_1_262' title='bbox 1721 1562 1772 1599; x_wconf 78' lang='lat' dir='ltr'>A·</span> 
     </span>
     <span class='ocr_line' id='line_1_56' title="bbox 1108 1617 1773 1668; baseline -0.005 -11"><span class='ocrx_word' id='word_1_263' title='bbox 1108 1617 1359 1668; x_wconf 75' lang='lat' dir='ltr'>dolescentiae]</span> <span class='ocrx_word' id='word_1_264' title='bbox 1390 1619 1623 1668; x_wconf 86' lang='lat' dir='ltr'>Opportuna</span> <span class='ocrx_word' id='word_1_265' title='bbox 1637 1617 1773 1655; x_wconf 84' lang='lat' dir='ltr'>aetatis</span> 
     </span>
     <span class='ocr_line' id='line_1_57' title="bbox 1107 1671 1772 1721; baseline -0.005 -10"><span class='ocrx_word' id='word_1_266' title='bbox 1107 1673 1446 1721; x_wconf 85' lang='lat' dir='ltr'>commemoratio,</span> <span class='ocrx_word' id='word_1_267' title='bbox 1481 1671 1567 1719; x_wconf 67' lang='grc' dir='ltr'>πςδς</span> <span class='ocrx_word' id='word_1_268' title='bbox 1603 1672 1664 1717; x_wconf 59' lang='grc' dir='ltr'>τήν</span> <span class='ocrx_word' id='word_1_269' title='bbox 1692 1687 1772 1719; x_wconf 78' lang='grc' dir='ltr'><strong><em>συγ-</em></strong></span> 
     </span>
     <span class='ocr_line' id='line_1_58' title="bbox 1104 1728 1360 1777; baseline 0.008 -10"><span class='ocrx_word' id='word_1_270' title='bbox 1104 1728 1251 1777; x_wconf 65' lang='grc' dir='ltr'>γνώμην.</span> <span class='ocrx_word' id='word_1_271' title='bbox 1309 1731 1360 1769; x_wconf 84' lang='lat' dir='ltr'>D.</span> 
     </span>
    </p>

    <p class='ocr_par' dir='ltr' id='par_1_13' title="bbox 1104 1782 1774 2566">
     <span class='ocr_line' id='line_1_59' title="bbox 1159 1782 1771 1838; baseline 0 -15"><span class='ocrx_word' id='word_1_272' title='bbox 1159 1797 1213 1838; x_wconf 86' lang='lat'>45</span> <span class='ocrx_word' id='word_1_273' title='bbox 1245 1782 1427 1835; x_wconf 72' lang='lat' dir='ltr'>Nostram</span> <span class='ocrx_word' id='word_1_274' title='bbox 1448 1797 1487 1822; x_wconf 83' lang='lat' dir='ltr'>ea</span> <span class='ocrx_word' id='word_1_275' title='bbox 1507 1782 1611 1836; x_wconf 82' lang='lat' dir='ltr'><em>culpa</em></span> <span class='ocrx_word' id='word_1_276' title='bbox 1636 1782 1695 1835; x_wconf 85' lang='lat' dir='ltr'>est,</span> <span class='ocrx_word' id='word_1_277' title='bbox 1720 1797 1771 1823; x_wconf 80' lang='lat' dir='ltr'>an</span> 
     </span>
     <span class='ocr_line' id='line_1_60' title="bbox 1104 1838 1773 1894; baseline 0.001 -15"><span class='ocrx_word' id='word_1_278' title='bbox 1104 1841 1331 1894; x_wconf 65' lang='lat' dir='ltr'>iudicum]</span> <span class='ocrx_word' id='word_1_279' title='bbox 1354 1840 1558 1879; x_wconf 88' lang='lat' dir='ltr'>Potentior</span> <span class='ocrx_word' id='word_1_280' title='bbox 1575 1838 1670 1879; x_wconf 62' lang='lat' dir='ltr'>faRa</span> <span class='ocrx_word' id='word_1_281' title='bbox 1689 1838 1773 1880; x_wconf 87' lang='lat' dir='ltr'>sen·</span> 
     </span>
     <span class='ocr_line' id='line_1_61' title="bbox 1106 1894 1773 1943; baseline 0 -7"><span class='ocrx_word' id='word_1_282' title='bbox 1106 1898 1228 1936; x_wconf 76' lang='lat' dir='ltr'>tentia</span> <span class='ocrx_word' id='word_1_283' title='bbox 1247 1895 1302 1935; x_wconf 81' lang='lat' dir='ltr'>est</span> <span class='ocrx_word' id='word_1_284' title='bbox 1332 1898 1375 1943; x_wconf 69' lang='grc' dir='ltr'>τῇ</span> <span class='ocrx_word' id='word_1_285' title='bbox 1395 1894 1563 1942; x_wconf 61' lang='lat' dir='ltr'>beas-nicet.</span> <span class='ocrx_word' id='word_1_286' title='bbox 1620 1899 1669 1936; x_wconf 88' lang='lat' dir='ltr'>Et</span> <span class='ocrx_word' id='word_1_287' title='bbox 1689 1910 1773 1936; x_wconf 80' lang='lat' dir='ltr'>ora·</span> 
     </span>
     <span class='ocr_line' id='line_1_62' title="bbox 1106 1951 1773 2005; baseline -0.001 -13"><span class='ocrx_word' id='word_1_288' title='bbox 1106 1955 1216 2001; x_wconf 64' lang='lat' dir='ltr'>tone,</span> <span class='ocrx_word' id='word_1_289' title='bbox 1247 1952 1431 2003; x_wconf 69' lang='lat' dir='ltr'>Nostrone</span> <span class='ocrx_word' id='word_1_290' title='bbox 1451 1951 1573 2005; x_wconf 83' lang='lat' dir='ltr'>culpa,</span> <span class='ocrx_word' id='word_1_291' title='bbox 1608 1966 1657 1991; x_wconf 84' lang='lat' dir='ltr'>an</span> <span class='ocrx_word' id='word_1_292' title='bbox 1675 1953 1773 1991; x_wconf 82' lang='lat' dir='ltr'>iudi-</span> 
     </span>
     <span class='ocr_line' id='line_1_63' title="bbox 1106 2009 1771 2061; baseline 0 -13"><span class='ocrx_word' id='word_1_293' title='bbox 1106 2016 1209 2050; x_wconf 79' lang='lat' dir='ltr'>cum?</span> <span class='ocrx_word' id='word_1_294' title='bbox 1241 2009 1384 2061; x_wconf 85' lang='lat' dir='ltr'>duplex</span> <span class='ocrx_word' id='word_1_295' title='bbox 1395 2014 1568 2054; x_wconf 77' lang='grc' dir='ltr'><em>μετάθεσις</em></span> <span class='ocrx_word' id='word_1_296' title='bbox 1581 2022 1589 2046; x_wconf 85' lang='grc'>;</span> <span class='ocrx_word' id='word_1_297' title='bbox 1602 2009 1718 2048; x_wconf 82' lang='lat' dir='ltr'>altera</span> <span class='ocrx_word' id='word_1_298' title='bbox 1730 2011 1771 2048; x_wconf 87' lang='lat' dir='ltr'>in</span> 
     </span>
     <span class='ocr_line' id='line_1_64' title="bbox 1107 2063 1770 2114; baseline 0 -9"><span class='ocrx_word' id='word_1_299' title='bbox 1107 2063 1380 2114; x_wconf 82' lang='lat' dir='ltr'>accusatorem,</span> <span class='ocrx_word' id='word_1_300' title='bbox 1405 2065 1525 2105; x_wconf 82' lang='lat' dir='ltr'>altera</span> <span class='ocrx_word' id='word_1_301' title='bbox 1544 2066 1583 2103; x_wconf 92' lang='lat' dir='ltr'>in</span> <span class='ocrx_word' id='word_1_302' title='bbox 1607 2065 1770 2108; x_wconf 85' lang='lat' dir='ltr'>iudices.</span> 
     </span>
     <span class='ocr_line' id='line_1_65' title="bbox 1106 2118 1774 2173; baseline -0.01 -10"><span class='ocrx_word' id='word_1_303' title='bbox 1106 2126 1156 2164; x_wconf 88' lang='lat' dir='ltr'>Et</span> <span class='ocrx_word' id='word_1_304' title='bbox 1192 2121 1298 2162; x_wconf 87' lang='lat' dir='ltr'>bene</span> <span class='ocrx_word' id='word_1_305' title='bbox 1329 2119 1431 2161; x_wconf 87' lang='lat' dir='ltr'>suam</span> <span class='ocrx_word' id='word_1_306' title='bbox 1463 2118 1615 2160; x_wconf 87' lang='lat' dir='ltr'>miscuit</span> <span class='ocrx_word' id='word_1_307' title='bbox 1643 2119 1774 2173; x_wconf 88' lang='lat' dir='ltr'>perso..</span> 
     </span>
     <span class='ocr_line' id='line_1_66' title="bbox 1109 2173 1774 2227; baseline -0.002 -9"><span class='ocrx_word' id='word_1_308' title='bbox 1109 2192 1211 2227; x_wconf 87' lang='lat' dir='ltr'>nam,</span> <span class='ocrx_word' id='word_1_309' title='bbox 1243 2189 1280 2217; x_wconf 81' lang='lat' dir='ltr'>vt</span> <span class='ocrx_word' id='word_1_310' title='bbox 1308 2191 1420 2217; x_wconf 88' lang='lat' dir='ltr'>reum</span> <span class='ocrx_word' id='word_1_311' title='bbox 1446 2173 1621 2216; x_wconf 85' lang='lat' dir='ltr'>subleuet</span> <span class='ocrx_word' id='word_1_312' title='bbox 1646 2189 1686 2217; x_wconf 87' lang='lat' dir='ltr'>et</span> <span class='ocrx_word' id='word_1_313' title='bbox 1708 2175 1774 2218; x_wconf 85' lang='lat' dir='ltr'>suo</span> 
     </span>
     <span class='ocr_line' id='line_1_67' title="bbox 1107 2233 1771 2282; baseline 0 -8"><span class='ocrx_word' id='word_1_314' title='bbox 1107 2235 1260 2282; x_wconf 83' lang='lat' dir='ltr'>merito,</span> <span class='ocrx_word' id='word_1_315' title='bbox 1286 2246 1323 2274; x_wconf 86' lang='lat' dir='ltr'>et</span> <span class='ocrx_word' id='word_1_316' title='bbox 1336 2233 1592 2273; x_wconf 83' lang='lat' dir='ltr'>multitudine</span> <span class='ocrx_word' id='word_1_317' title='bbox 1605 2246 1771 2274; x_wconf 83' lang='lat' dir='ltr'>reorum.</span> 
     </span>
     <span class='ocr_line' id='line_1_68' title="bbox 1109 2289 1774 2342; baseline -0.005 -12"><span class='ocrx_word' id='word_1_318' title='bbox 1109 2290 1300 2342; x_wconf 85' lang='lat' dir='ltr'>Nostrane</span> <span class='ocrx_word' id='word_1_319' title='bbox 1336 2305 1377 2330; x_wconf 85' lang='lat' dir='ltr'>ea</span> <span class='ocrx_word' id='word_1_320' title='bbox 1416 2289 1519 2342; x_wconf 84' lang='lat' dir='ltr'><em>culpa</em></span> <span class='ocrx_word' id='word_1_321' title='bbox 1539 2319 1548 2336; x_wconf 93' lang='lat'>,</span> <span class='ocrx_word' id='word_1_322' title='bbox 1592 2304 1639 2329; x_wconf 77' lang='lat' dir='ltr'>tm</span> <span class='ocrx_word' id='word_1_323' title='bbox 1672 2292 1774 2330; x_wconf 83' lang='lat' dir='ltr'>iudi-</span> 
     </span>
     <span class='ocr_line' id='line_1_69' title="bbox 1107 2345 1774 2401; baseline -0.003 -15"><span class='ocrx_word' id='word_1_324' title='bbox 1107 2348 1237 2401; x_wconf 77' lang='lat' dir='ltr'>cum?]</span> <span class='ocrx_word' id='word_1_325' title='bbox 1269 2348 1373 2389; x_wconf 88' lang='lat' dir='ltr'>Mire</span> <span class='ocrx_word' id='word_1_326' title='bbox 1393 2345 1591 2386; x_wconf 79' lang='lat' dir='ltr'>affurrexit</span> <span class='ocrx_word' id='word_1_327' title='bbox 1614 2347 1653 2385; x_wconf 89' lang='lat' dir='ltr'>in</span> <span class='ocrx_word' id='word_1_328' title='bbox 1678 2346 1774 2385; x_wconf 84' lang='lat' dir='ltr'>fidu·</span> 
     </span>
     <span class='ocr_line' id='line_1_70' title="bbox 1107 2399 1771 2454; baseline -0.003 -12"><span class='ocrx_word' id='word_1_329' title='bbox 1107 2405 1206 2442; x_wconf 87' lang='lat' dir='ltr'>ciam</span> <span class='ocrx_word' id='word_1_330' title='bbox 1234 2399 1460 2442; x_wconf 81' lang='lat' dir='ltr'>defensoris.</span> <span class='ocrx_word' id='word_1_331' title='bbox 1521 2406 1620 2443; x_wconf 82' lang='lat' dir='ltr'>Nam</span> <span class='ocrx_word' id='word_1_332' title='bbox 1650 2416 1771 2454; x_wconf 84' lang='lat' dir='ltr'>quum</span> 
     </span>
     <span class='ocr_line' id='line_1_71' title="bbox 1104 2457 1771 2512; baseline -0.003 -14"><span class='ocrx_word' id='word_1_333' title='bbox 1104 2458 1215 2512; x_wconf 85' lang='lat' dir='ltr'>supra</span> <span class='ocrx_word' id='word_1_334' title='bbox 1252 2459 1303 2498; x_wconf 87' lang='lat' dir='ltr'>de</span> <span class='ocrx_word' id='word_1_335' title='bbox 1343 2458 1576 2510; x_wconf 82' lang='lat' dir='ltr'>Antiphone</span> <span class='ocrx_word' id='word_1_336' title='bbox 1619 2457 1771 2505; x_wconf 85' lang='lat' dir='ltr'>dixerit,</span> 
     </span>
     <span class='ocr_line' id='line_1_72' title="bbox 1107 2514 1640 2566; baseline 0.004 -11"><span class='ocrx_word' id='word_1_337' title='bbox 1107 2528 1215 2555; x_wconf 88' lang='lat' dir='ltr'>nunc</span> <span class='ocrx_word' id='word_1_338' title='bbox 1237 2516 1364 2554; x_wconf 89' lang='lat' dir='ltr'>intulit</span> <span class='ocrx_word' id='word_1_339' title='bbox 1385 2514 1534 2566; x_wconf 83' lang='lat' dir='ltr'>Nostra.</span> <span class='ocrx_word' id='word_1_340' title='bbox 1591 2518 1640 2557; x_wconf 89' lang='lat' dir='ltr'>D.</span> 
     </span>
    </p>

    <p class='ocr_par' dir='ltr' id='par_1_14' title="bbox 1104 2568 1772 2729">
     <span class='ocr_line' id='line_1_73' title="bbox 1157 2568 1772 2623; baseline -0.005 -12"><span class='ocrx_word' id='word_1_341' title='bbox 1157 2571 1297 2622; x_wconf 83' lang='lat' dir='ltr'>Nostra</span> <span class='ocrx_word' id='word_1_342' title='bbox 1309 2570 1355 2621; x_wconf 86' lang='lat' dir='ltr'>est</span> <span class='ocrx_word' id='word_1_343' title='bbox 1367 2571 1482 2622; x_wconf 77' lang='lat' dir='ltr'>culpa,</span> <span class='ocrx_word' id='word_1_344' title='bbox 1502 2570 1720 2612; x_wconf 74' lang='lat' dir='ltr'>emiudicum</span> <span class='ocrx_word' id='word_1_345' title='bbox 1732 2568 1772 2623; x_wconf 83' lang='lat'>?]</span> 
     </span>
     <span class='ocr_line' id='line_1_74' title="bbox 1106 2622 1768 2680; baseline -0.009 -13"><span class='ocrx_word' id='word_1_346' title='bbox 1106 2628 1227 2679; x_wconf 90' lang='lat' dir='ltr'>Quod</span> <span class='ocrx_word' id='word_1_347' title='bbox 1254 2627 1278 2666; x_wconf 79' lang='lat' dir='ltr'>fi</span> <span class='ocrx_word' id='word_1_348' title='bbox 1295 2628 1457 2680; x_wconf 78' lang='lat' dir='ltr'>oppressi</span> <span class='ocrx_word' id='word_1_349' title='bbox 1471 2627 1614 2666; x_wconf 83' lang='lat' dir='ltr'>iudicio</span> <span class='ocrx_word' id='word_1_350' title='bbox 1627 2622 1768 2671; x_wconf 78' lang='lat' dir='ltr'>sumus,</span> 
     </span>
     <span class='ocr_line' id='line_1_75' title="bbox 1104 2679 1769 2729; baseline -0.008 -5"><span class='ocrx_word' id='word_1_351' title='bbox 1104 2684 1255 2725; x_wconf 84' lang='lat' dir='ltr'>crimen</span> <span class='ocrx_word' id='word_1_352' title='bbox 1278 2684 1451 2724; x_wconf 76' lang='lat' dir='ltr'>nostrum</span> <span class='ocrx_word' id='word_1_353' title='bbox 1463 2683 1615 2724; x_wconf 87' lang='lat' dir='ltr'>nuuum</span> <span class='ocrx_word' id='word_1_354' title='bbox 1627 2681 1691 2729; x_wconf 84' lang='lat' dir='ltr'>est,</span> <span class='ocrx_word' id='word_1_355' title='bbox 1707 2679 1769 2720; x_wconf 77' lang='lat' dir='ltr'>sed</span> 
     </span>
    </p>

    <p class='ocr_par' dir='ltr' id='par_1_15' title="bbox 1672 2737 1770 2776">
     <span class='ocr_line' id='line_1_76' title="bbox 1672 2737 1770 2776; baseline 0.01 -1"><span class='ocrx_word' id='word_1_356' title='bbox 1672 2737 1770 2776; x_wconf 80' lang='lat' dir='ltr'>iudi-</span> 
     </span>
    </p>
   </div>
  </div>
 </body>
</html>
