1875 3292
381 188 484 221 222-
778 164 1347 213 ARGVMENTVM.

375 292 514 341 Diuisa
534 290 588 334 est
609 288 752 340 autem,
781 299 821 329 vt
842 290 1038 337 caeteram·v
1056 288 1235 341 quinque
1260 286 1422 328 Adibus
1444 282 1642 341 legitimis,
1661 298 1762 338 quos

377 355 423 394 in
454 351 611 392 subditis
639 347 937 401 distinguemus.
993 344 1148 403 Inlhac
1174 345 1359 399 Prologus
1388 344 1444 384 est
1471 353 1511 384 et
1542 343 1758 395 multiplex,

378 421 419 452 et
436 407 647 449 rhetoricus
670 405 799 452 nimis,
823 413 1033 455 propterea
1052 401 1160 454 quod
1178 399 1294 454 saepe
1313 398 1461 442 exclusa
1481 400 1577 440 haec
1590 403 1760 442 Comoe-
1817 411 1819 413 ’

378 467 457 513 dia,
474 461 772 517 <diligentissima
792 458 1026 499 defensione
1046 458 1265 511 indigebat.
1324 462 1456 510 Atque
1473 458 1516 496 in
1536 457 1606 496 hac
1624 457 1763 496 Prota·

369 524 426 578 fi's
442 522 664 563 turbulenta
682 517 745 566 est,
765 516 924 569 Epitafis
944 515 1108 561 mollior,
1129 516 1232 555 lenis
1252 514 1499 567 catastrophe.
1553 514 1651 554 Aila
1668 510 1761 552 sane

377 580 435 621 est
454 577 553 619 ludis
577 573 883 629 Megale1ifibus‚
906 573 1026 613 Sexto
1045 573 1154 620 lulio,
1184 573 1229 613 C.
1248 571 1403 613 Rabirio
1425 570 1630 612 Aedilibus
1651 582 1761 609 curu-

377 638 504 678 libus:
543 634 716 687 Egitque
747 636 788 673 L.
832 629 1052 671 Ambiuius.
1125 629 1353 669 Modulatus
1391 627 1445 668 est
1481 641 1568 667 eam
1603 628 1760 667 Flaccus

381 692 570 737 Claudius
597 689 698 729 tibiis
735 688 901 741 paribus.
960 690 1064 727 Tota
1090 687 1237 725 Graeca
1268 685 1340 733 est,
1381 684 1559 737 factaque
1588 695 1627 723 et
1657 684 1761 723 edita

378 752 521 803 quinto
540 749 638 796 loco,
662 747 736 788 Cn.
759 745 933 790 O'e'lauio,
961 747 1010 784 T,
1033 743 1183 783 Manlio
1205 739 1306 784 Coss.
1327 742 1490 784 Cantica
1517 740 1760 780 etffdiuerbia

379 805 532 847 summo
554 806 595 844 in
616 803 687 842 hac
708 801 846 842 fauore
867 797 1037 852 suscepta
1058 797 1156 839 sunt.
1213 796 1408 846 Προτιιτικεὲ
1434 798 1476 837 in
1497 797 1566 836 hac
1585 795 1758 846 πρόσωπα,

379 862 509 911 id'est,
529 857 718 914 personae
739 869 844 899 extra
861 869 1135 911 argumentum
1155 856 1255 895 duae
1275 854 1380 906 sunt,
1411 853 1613 895 Philotidis
1632 863 1672 892 et
1693 856 1761 907 Sy-

380 933 460 961 rae.
517 921 562 958 ln
584 927 664 956 tora
683 914 902 958 Comoedia
924 913 996 952 hoc
1015 916 1152 967 agitur,
1183 923 1222 952 vt
1241 926 1301 952 res
1323 924 1456 953 nouae
1475 910 1581 958 fiant,
1614 923 1690 950 nec
1709 921 1759 950 ta-

378 990 476 1018 men
495 969 1072 1014 abhorreantaconsuetudine.
1129 968 1508 1011 Inducunturenim
1538 967 1761 1014 beneuolae

378 1032 531 1080 socrus3
569 1028 790 1071 verecunda
828 1041 971 1074 nurus;
1001 1027 1213 1068 leniffimus
1252 1028 1294 1067 in
1320 1038 1485 1069 vxorem
1511 1023 1688 1076 maritus,
1719 1033 1760 1064 et

379 1092 477 1135 item
496 1088 652 1129 deditus
670 1087 783 1126 matri
799 1083 889 1126 suae
899 1099 912 1134 3
942 1084 1125 1126 meretrix
1143 1084 1260 1125 bona.

759 1236 1375 1299 ARGVMENTVM.

386 1388 625 1491 Vitiatam
653 1389 694 1428 iu
721 1386 898 1428 tenebris
926 1396 1019 1426 ante
1052 1384 1223 1439 nuptiate,
1250 1383 1312 1423 cui
1329 1381 1522 1422 annulum
1542 1378 1759 1429 extorserat,

503 1447 752 1487 meretricem
773 1458 906 1484 amans
926 1444 1019 1483 dum
1042 1444 1196 1497 ignorat
1216 1440 1451 1492 Pamphilus,
1475 1438 1585 1478 duxit
1600 1451 1761 1478 vxorem
1820 1460 1821 1464 =
1872 1427 1875 1468 i

379 1505 583 1560 grauidam
605 1517 653 1542 ex
677 1498 892 1555 comprefl'u
916 1499 996 1541 suo.
1058 1503 1189 1552 Quam
1209 1511 1379 1552 peregre
1399 1495 1609 1551 profeclus‚
1638 1508 1761 1547 quum

380 1559 596 1614 reliquisset
625 1561 756 1607 domi,
790 1559 949 1598 rediens
982 1558 1201 1609 parientem
1228 1553 1395 1595 offendit
1423 1553 1557 1596 furtim
1586 1563 1626 1592 et
1654 1551 1758 1604 apud

378 1630 546 1659 matrem
565 1615 683 1655 suam.
745 1617 838 1666 Qua
858 1628 899 1654 re
919 1624 1153 1657 commotus,
1176 1612 1267 1651 dum
1287 1610 1508 1662 repudium,
1544 1610 1675 1648 inuitis
1698 1623 1759 1660 pa-

380 1674 556 1716 rentibus
578 1684 617 1711 et
636 1670 783 1711 causam
804 1669 960 1722 repudii
982 1667 1259 1716 nescientibus,
1277 1678 1395 1718 parat,
1415 1681 1485 1719 per
1501 1666 1761 1711 meretricem,

376 1731 483 1782 apud
503 1744 618 1782 quam
638 1728 804 1768 annulus
827 1728 1014 1765 inuentus
1035 1725 1099 1772 est,
1132 1722 1329 1777 cognoscit
1348 1724 1506 1763 tandem
1527 1722 1578 1760 ita
1607 1736 1628 1760 a
1649 1719 1686 1759 se
1707 1721 1762 1759 vi·

381 1790 515 1830 tiatarn
533 1798 704 1833 vxorem,
731 1796 771 1823 et
791 1797 840 1822 ex
861 1780 897 1821 se
925 1793 1059 1822 nattun
1079 1781 1213 1820 filium.
1271 1781 1420 1819 Primus
1442 1780 1560 1820 Anus
1576 1778 1763 1828 colloqui-

381 1858 448 1888 um
478 1844 655 1883 continet
680 1840 894 1880 meretricis
912 1838 1112 1879 Philotidis
1138 1853 1180 1877 ac
1208 1837 1323 1877 lenae
1349 1839 1470 1889 Syrae
1498 1837 1600 1874 inter
1630 1831 1668 1873 se
1687 1835 1763 1886 pri-

380 1915 505 1949 mum,
525 1899 675 1940 deinde
694 1910 783 1937 cum
805 1899 1076 1936 Parmenone:
1108 1907 1147 1936 vt
1168 1908 1236 1946 per
1256 1896 1392 1933 harum
1422 1888 1630 1943 personas,
1658 1902 1761 1942 quae

378 1964 579 2006 προτατικαὶ
608 1956 810 2003 dicuntur,
843 1962 1123 2006 argumentum
1151 1949 1339 2005 spec'lator
1362 1948 1540 1989 addiscat.
1600 1947 1760 1987 Secundi

379 2017 498 2058 Aelus
530 2025 644 2053 tenor
670 2013 710 2051 in
736 2010 811 2049 hoc
840 2009 916 2056 est;
948 2011 1179 2049 immeritam
1200 2020 1369 2054 vxorem,
1395 2006 1518 2046 veluti
1539 2006 1680 2045 malam
1702 2000 1761 2043 so-

379 2084 499 2121 crum,
521 2066 668 2110 accusat
686 2068 855 2109 Laches:
886 2079 926 2106 et
946 2068 1137 2106 conuenit
1156 2065 1388 2118 Phidippum
1410 2063 1460 2103 de
1479 2063 1619 2101 eadem
1638 2057 1758 2100 causa.

377 2130 514 2172 Statim
534 2125 618 2179 post
643 2138 810 2178 quorum
831 2124 1071 2175 colloquium
1092 2123 1321 2174 conquestio
1343 2120 1539 2160 inducitur
1557 2117 1760 2165 Sostratae,

380 2186 486 2238 quod
522 2180 657 2224 falsum
693 2182 842 2221 crimen
880 2177 1195 2232 inuidiosumque
1226 2174 1417 2219 sustineat.
1481 2177 1612 2216 Tertio
1641 2174 1761 2214 Aciui

377 2242 473 2282 haec
512 2239 802 2283 adscribuntur:
849 2237 1087 2289 Conquestio
1123 2235 1316 2288 Pamphili
1345 2244 1515 2286 peregre
1540 2231 1759 2282 redeuntis,

378 2299 430 2339 de
456 2309 587 2340 amore
619 2294 685 2336 suo
707 2297 805 2335 eirca
826 2307 1013 2334 vitorem:
1047 2294 1241 2333 Partitudo
1262 2291 1538 2340 Philummiae:
1570 2287 1760 2329 sostratae

378 2356 497 2395 verba
518 2353 631 2406 super
651 2352 942 2407 aegritudinem
964 2364 1098 2403 nurus,
1119 2364 1232 2402 quam
1251 2347 1389 2388 morbo
1414 2345 1536 2385 credit
1555 2343 1760 2384 affliStam:

379 2413 507 2451 Fletus
525 2409 717 2463 Pamphili
744 2410 928 2457 errantis,
958 2421 1081 2460 quum
1107 2418 1215 2460 putat
1242 2418 1326 2444 non
1347 2417 1397 2443 ex
1421 2401 1460 2442 se
1478 2401 1600 2441 tilium
1621 2412 1760 2441 natum

377 2466 468 2507 effe.
528 2467 780 2518 Colloquium
806 2466 1061 2513 Parmenonis
1092 2478 1178 2503 cum
1217 2462 1349 2515 pueris
1383 2476 1405 2500 a
1440 2460 1535 2499 naui
1563 2457 1760 2497 venienti-

379 2526 465 2572 bus,
487 2533 524 2562 vt
542 2537 631 2562 mox
654 2524 832 2574 loquatur
855 2534 941 2565 cum
963 2520 1042 2574 ipso
1060 2522 1230 2574 (Rectius
1251 2515 1322 2558 ΜΠ
1341 2532 1375 2556 et
1395 2531 1485 2556 mox
1504 2528 1581 2554 cum
1601 2513 1676 2565 ipso
1699 2512 1758 2564 L.)

376 2580 603 2631 Pamphi103
633 2594 653 2617 a
675 2592 753 2630 quo
773 2580 815 2618 in
835 2592 963 2617 arcem
983 2579 1154 2617 mittitur.
1216 2579 1315 2614 Item
1336 2573 1531 2620 Lachetis,
1565 2569 1759 2619 Phidippi·

379 2651 476 2690 que,
509 2647 548 2676 et
567 2636 759 2686 Pamphili
788 2635 906 2676 verba
932 2636 982 2673 de
1011 2634 1244 2673 reconciliar.
1266 2632 1299 2670 ἰῑι
1330 2632 1384 2670 illi
1405 2631 1596 2681 coniuge:
1630 2637 1668 2664 et
1694 2637 1760 2664 eo·-

377 2708 464 2734 rum
492 2692 715 2732 abinuicem
742 2689 909 2744 litigiosa
927 2688 1115 2738 difl'enlio,
1174 2693 1276 2746 ἕως
1292 2701 1369 2728 :mn
1387 2687 1529 2730 Acium
1546 2683 1642 2723 haec
1658 2693 1761 2719 com-

507 2769 510 2774 ·
1626 2739 1756 2790 pient:
