1875 3308
684 205 979 251 ADELPH.

1408 220 1500 270 ¹35

265 329 349 378 Sed
372 329 539 394 quaeso,
561 341 606 379 vt
628 349 709 379 vna
732 348 904 381 mecum
928 331 979 378 ad
999 341 1182 385 matrem
1207 331 1388 393 virginis
1411 351 1496 389 cas,

364 409 516 458 Micio,

264 484 411 545 Atque
433 479 555 528 istaec
590 482 768 536 eadem,
813 498 923 546 quae
946 480 1059 528 mihi
1081 480 1212 540 dixti,
1252 493 1345 531 tute
1380 485 1495 532 dieas

361 557 556 604 mulieri:

264 632 561 697 Suspicionem
580 633 692 681 hanc
711 643 894 698 propter
917 633 1097 680 fratrem
1119 634 1212 679 cius
1235 629 1345 688 esse,
1382 645 1425 683 et
1447 636 1496 683 il-

362 709 444 754 lam
465 709 693 772 psaltriam.

172 796 232 834 10
265 781 363 830 Ml.
401 786 443 830 Si
467 786 521 830 ita
546 799 729 846 aequom
751 783 906 836 censes,
933 794 1006 831 aut
1028 781 1058 831 fi
1076 785 1134 833 ita
1157 800 1270 851 opus
1284 782 1343 833 est
1365 783 1497 840 fasso,

360 875 523 906 eamus.
554 855 661 907 HF..
701 858 813 907 bene
837 859 964 908 facis:

184 1092 212 1133 7
240 1077 409 1134 Quaeso,
450 1093 492 1120 vt
522 1092 593 1119 vna
629 1079 784 1134 mecum]

128 1137 306 1176 Seruaun
327 1135 370 1174 τό
390 1142 511 1183 πρέπον
526 1164 536 1182 ,
562 1135 785 1175 adiiciendo

130 1193 212 1233 Vna
231 1205 367 1231 mecum
387 1206 468 1231 eas:
498 1193 646 1245 quippe
663 1191 709 1231 ad
730 1193 787 1230 in-

127 1249 327 1302 cognitam
348 1260 509 1288 matrem
530 1247 707 1287 familias.
738 1249 786 1288 D.

184 1311 206 1352 8
243 1306 331 1345 Tun
349 1304 449 1344 dicas
468 1303 627 1351 mulieri]
660 1306 706 1343 In
717 1317 787 1345 no-

126 1361 237 1400 mine
265 1359 455 1407 ostendit,
487 1373 552 1399 cur
579 1359 675 1399 haec
705 1357 787 1412 ipse

127 1416 235 1455 dicat.
291 1416 452 1456 Mulieri
483 1418 612 1464 enim,
648 1417 786 1468 inquit,

126 1474 243 1511 nimis
255 1472 420 1524 pauidae
432 1485 475 1510 ac
495 1472 700 1511 diffidenti.
734 1475 784 1513 D.

182 1541 208 1580 9
237 1530 481 1581 Suspicionem
513 1528 608 1567 hanc
629 1539 787 1581 propter

115 1585 285 1638 ‘fratrem
306 1589 381 1623 eius
408 1584 485 1636 effe]
512 1584 637 1623 Nimis
658 1582 785 1621 breui-

124 1652 184 1678 ter
199 1652 242 1677 ac
269 1638 468 1685 succincte,
496 1650 535 1678 et
555 1649 597 1676 vt
613 1639 787 1690 opo1toit

124 1697 226 1735 inter
256 1691 432 1735 seientes.
490 1696 542 1734 Et
562 1693 662 1734 illam
689 1694 783 1747 psal-

124 1751 257 1803 triam]
302 1754 460 1803 Propter
502 1749 661 1789 sratrem
701 1751 783 1789 eius

123 1806 210 1853 esse,
230 1805 538 1846 subaudiendum
559 1806 612 1845 est
622 1805 783 1858 (Nilnifl

119 1875 278 1916 propter
302 1862 614 1902 subaudiendum
635 1859 713 1901 effe
734 1863 783 1900 vi-

126 1920 274 1970 detur).
332 1923 382 1961 D.

1372 941 1494 985 Nam

835 1076 1040 1131 sequentes
1060 1076 1187 1118 versus
1205 1092 1286 1120 non
1303 1077 1496 1134 agnoscit)

835 1133 964 1174 versus
987 1133 1145 1184 desunt,
1174 1149 1272 1187 quos
1290 1138 1409 1175 multa
1428 1150 1497 1178 ex-

834 1192 1025 1244 emplaria
1044 1205 1128 1231 non
1153 1190 1309 1232 habent.
1364 1195 1412 1236 D.

891 1302 933 1344 si
969 1305 1028 1357 ita
1063 1316 1212 1357 aequom
1240 1302 1376 1355 cenfis]
1414 1307 1498 1345 Aut

835 1357 860 1398 fi
886 1360 938 1398 ita
957 1360 1133 1399 omnium
1159 1359 1256 1399 fafia
1285 1360 1494 1412 expetiue-

835 1427 938 1464 runt,
958 1416 1012 1455 vti
1025 1415 1070 1454 ad
1083 1417 1261 1456 mulieres
1273 1416 1396 1458 Micio
1409 1429 1496 1468 per·

836 1481 967 1523 geret,
1000 1470 1094 1510 haec
1123 1470 1262 1511 eadem
1285 1472 1360 1511 illis
1388 1485 1496 1523 prae·

835 1525 1008 1567 sentibus
1028 1527 1289 1578 polliceretur.
1345 1530 1496 1568 verum

835 1583 951 1622 etiam
980 1582 1227 1623 dubitatione
1256 1594 1366 1622 vtens
1395 1585 1495 1635 (vti-

836 1651 900 1677 tur
926 1640 984 1689 Z.)
1012 1639 1153 1682 Micio;
1184 1638 1259 1677 hoc'
1279 1649 1317 1677 vt
1336 1639 1495 1690 plenius

833 1692 918 1733 fieri
944 1693 1075 1745 possit,
1111 1691 1315 1745 persuadet
1341 1695 1491 1747 Hegio,

834 1749 936 1802 quod
964 1750 1052 1788 illae
1074 1748 1236 1790 miserae
1251 1751 1414 1791 alterum
1438 1748 1494 1789 so·-

833 1806 967 1844 latium
990 1806 1215 1845 calamitatis
1238 1804 1381 1845 habere
1409 1820 1492 1846 non

832 1861 991 1914 poffi'nt,
1040 1861 1106 1900 nisi
1147 1861 1209 1900 hic
1247 1862 1490 1916 polliceatur.

835 1915 1012 1957 Omnibus
1030 1921 1135 1964 enim,
1153 1917 1284 1972 quibus
1303 1931 1360 1956 res
1370 1921 1494 1958 mIrmr

177 1974 316 2015 Codex
344 1972 576 2014 Me‘adianus
606 1987 676 2026 pro
695 1973 783 2015 Eius
818 1974 1007 2026 secundat:
1027 1973 1142 2025 stem,
1174 1974 1291 2026 nefiio
1309 1975 1493 2026 quomodo

126 2030 187 2083 effi:
207 2029 325 2069 habet
346 2029 424 2083 Effe
454 2032 540 2068 eius.
596 2031 716 2082 lgitur
735 2029 782 2069 ad
820 2029 1041 2083 stcsl'n'ciost:
1081 2032 1224 2076 omnia,
1258 2043 1351 2084 quae
1372 2029 1489 2081 fiunt,

126 2096 342 2126 contortam
380 2086 526 2127 Donati
556 2085 784 2138 interpreta-
832 2087 883 2126 ad
902 2086 1159 2127 contumeliam
1174 2084 1286 2136 fitam
1310 2084 1400 2138 fieri
1418 2099 1493 2124 ma-

126 2143 274 2182 tionem
295 2141 500 2191 vitandam,
519 2154 680 2193 repone,
700 2141 784 2193 Sus:
831 2145 890 2199 gis
925 2153 1072 2195 putant.
1127 2144 1257 2198 ‚Qmm
1299 2144 1492 2181 minimum

121 2200 302 2251 picionem
329 2197 423 2237 hanc
437 2209 594 2251 propter
613 2198 784 2251 fratrem
829 2196 986 2253 pofflnt,
997 2197 1145 2250 fimper
1161 2197 1205 2249 JZ’
1235 2198 1388 2236 credunt
1405 2212 1492 2236 ton·

125 2254 187 2306 effe'
205 2270 220 2291 .·
258 2255 333 2293 eius
359 2254 421 2306 effi
450 2253 547 2293 illam
570 2255 777 2307 psaltriam.
832 2257 954 2296 temni.
1010 2256 1111 2308 Ergo
1129 2252 1341 2303 placabilius
1368 2253 1434 2306 est,
1453 2250 1497 2303 st

125 2314 226 2350 Nam
249 2310 322 2348 eius
342 2310 396 2349 est
408 2310 570 2351 Fratris.
631 2311 693 2350 Sic
705 2313 781 2349 He·
831 2311 902 2363 ἱρῇ
919 2322 1043 2349 coram
1057 2309 1276 2363 pollicearis,
1296 2323 1330 2349 et
1350 2323 1385 2349 te
1400 2322 1490 2362 pur-

125 2376 200 2404 aut.
225 2377 283 2414 xv,
312 2375 350 2416 3,
377 2379 442 2420 25.
503 2366 611 2405 Hanc
628 2365 690 2418 effe'
711 2365 781 2404 Cli·
826 2379 902 2422 ges.
957 2369 1003 2407 Ε.

124 2420 315 2474 tiphoniu
343 2432 382 2461 et
398 2422 461 2461 hic
481 2425 674 2473 1v,4.16.
711 2419 784 2461 Di-

125 2490 204 2516 cam
212 2477 359 2528 fratris
379 2476 441 2530 effe
461 2476 580 2518 hanc?
638 2479 677 2517 Β.
887 2476 961 2518 Etfi
990 2474 1176 2528 posterius
1212 2475 1256 2516 Si
1291 2474 1340 2514 ob
1368 2475 1489 2518 fidem

186 2545 235 2574 10
261 2533 302 2573 Si
327 2533 384 2572 iea
409 2545 562 2586 aequom
580 2531 712 2584 censes]
741 2534 780 2572 A
829 2533 1009 2575 Bembmi
1049 2537 1217 2572 Faernus
1257 2532 1391 2572 eiecit:
1436 2533 1488 2571 01·

125 2587 224 2627 iusto
245 2600 284 2628 et
303 2589 384 2627 vtili
406 2588 458 2628 est
476 2597 554 2627 tota
571 2586 775 2629 sententia.
829 2588 954 2631 Codd.
991 2599 1128 2626 omncs
1154 2599 1325 2626 caeteros
1355 2599 1488 2628 tamen

125 2647 175 2686 Et
207 2641 296 2683 sane
318 2642 354 2683 hi
389 2647 539 2693 (Forte,
574 2644 667 2685 Tres
685 2643 781 2695 fime
833 2657 872 2684 et
893 2642 992 2683 vsnvn
1013 2643 1188 2682 'terentii
1211 2644 1401 2685 tuendum
1421 2646 1489 2688 est,

129 2701 197 2740 bic.
254 2699 324 2742 Ed.
357 2699 519 2744 Mediol.
557 2703 675 2754 14y6.
708 2710 784 2740 tres
832 2700 1162 2753 vid‚.sx1=d.1,3.
1187 2707 1221 2749 8.
1278 2703 1319 2740 Β.

948 2758 1021 2808 14
