1875 3244
662 218 956 266 HECYRA.

1392 235 1483 283 3²1

250 331 413 410 Neque
434 345 518 392 alio
546 343 677 410 paRo
700 349 909 412 componi
928 341 1068 410 potest
1088 346 1202 392 inter
1223 361 1292 393 eas
1325 351 1480 408 gratia:

154 435 218 486 30
252 422 528 483 Segreganda
551 434 623 468 aut
645 433 779 469 mater
799 420 825 479 ρι’
844 438 915 468 me
933 419 1006 474 est,
1028 421 1259 486 Phidippe,
1284 436 1357 470 aut
1374 426 1479 473 Phi-

343 498 534 543 lumena.

245 576 385 620 Nunc
415 589 486 647 me
519 575 655 637 pietas
685 574 833 620 matris
852 572 1000 638 potius
1025 572 1310 621 commodum
1331 574 1477 624 suadet

345 648 477 710 sequi.

246 719 350 770 LA.
390 723 636 788 Pamphile,
670 723 775 770 haut
800 724 943 770 inuito
966 722 1019 770 ad
1044 739 1168 770 aures
1198 723 1338 774 sermo
1363 728 1477 776 mihi

344 797 507 845 acceffit
528 812 644 851 tuus,

247 877 402 928 Quum
432 884 474 920 te
505 871 768 940 postputasse
786 890 940 922 omnes
971 890 1040 921 res
1068 891 1177 942 prae
1205 887 1388 942 parente
1410 880 1476 926 in-

342 949 507 1010 telligo.

110 1214 195 1249 nee,
214 1201 354 1255 morofi'
371 1204 625 1257 appellantur.
685 1207 764 1246 Ho-

111 1262 227 1300 ratius
243 1262 390 1312 (Carm.
416 1274 454 1309 1,
481 1274 517 1315 9,
550 1263 655 1312 17.)‚
684 1261 766 1301 Do·

572 1300 582 1313 A

108 1329 174 1355 nec
193 1318 330 1355 virenti
347 1318 496 1356 canities
513 1317 608 1369 abest
627 1317 763 1358 Moro-

97 1371 163 1424 fi.

108 1540 177 1582 xit.
234 1541 283 1580 D.

222 1374 355 1412 Mores
390 1373 519 1412 toleret
545 1374 617 1425 fita
645 1374 765 1412 mode-

99 1426 193 1480 stia]
222 1429 258 1467 O
277 1430 650 1480 temperamentum!
679 1430 767 1469 Mo-

109 1497 169 1523 res
197 1484 328 1536 potius
363 1497 480 1536 quam
513 1485 680 1527 Iniurias
707 1486 766 1525 di·

1305 1066 1475 1115 Verum

811 1204 973 1257 Optime
998 1203 1163 1255 diuum,
1196 1206 1305 1246 Haut
1334 1208 1473 1248 inuito.

813 1275 894 1301 non
935 1263 1044 1300 enim
1086 1263 1127 1300 iu
1160 1273 1283 1302 toturn
1313 1264 1472 1312 volenti,

813 1318 1020 1369 quippede
1041 1317 1218 1358 diffidio:
1248 1316 1311 1357 sed
1341 1327 1473 1371 tamen

814 1374 903 1424 quia
921 1375 986 1424 pie
1007 1374 1155 1412 locutus
1173 1374 1239 1422 est,
1264 1376 1472 1414 mediocri-

815 1439 873 1467 ter
890 1429 1130 1480 approbauit.
1188 1430 1395 1483 Pamphile,
1421 1432 1472 1471 ad

815 1497 923 1524 aures
950 1484 1038 1525 haut
1058 1487 1196 1535 inuito]
1229 1488 1365 1527 Grauis
1387 1500 1472 1526 ora-

814 1541 868 1579 tio
915 1539 969 1579 est
1017 1554 1039 1579 a
1091 1541 1253 1582 nomine
1298 1543 1469 1594 incepta.

815 1597 922 1649 Vin-g.
943 1597 1065 1646 (Aen.
1086 1610 1147 1637 κη
1161 1626 1170 1643 ‚
1204 1599 1285 1651 19.)
1318 1599 1352 1637 Ο
1366 1610 1472 1650 prae·

165 1661 222 1703 29
249 1650 376 1704 Neque
401 1650 474 1692 alio
495 1653 604 1705 pac'io
625 1663 768 1707 compo·
806 1650 911 1704 stans
937 1654 1051 1691 animi
1071 1654 1227 1693 iuuenis.
1282 1656 1332 1693 Et
1357 1654 1410 1694 est
1429 1653 1472 1693 fi-

108 1707 152 1747 ni
164 1706 304 1760 potest]
334 1706 412 1747 Nifi
434 1718 473 1747 vt
488 1709 679 1748 concedat
689 1723 766 1749 ma·

109 1762 169 1810 tri,
181 1762 399 1815 toleretque
408 1777 533 1804 mores
546 1766 638 1804 eius.
668 1767 719 1806 D.

164 1815 304 1858 Versus
342 1817 448 1859 causa
480 1821 591 1873 lege,
636 1821 764 1874 Neque

108 1870 185 1911 alio
203 1874 374 1925 cot'np6ni
395 1877 502 1928 pado
526 1876 631 1929 p6tis
649 1879 763 1933 *inter

109 1942 169 1968 us
183 1929 356 1984 gritiast.
412 1934 454 1972 B.

167 2051 223 2092 30
247 2039 474 2095 Segreganda
492 2055 559 2082 aut
582 2058 703 2084 mater
717 2043 764 2096 est

109 2108 136 2134 a
154 2107 218 2142 me,
242 2096 432 2148 Phidxppel
463 2102 762 2152 Benetanquam

815 1721 910 1760 gun-:2
934 1708 1081 1751 Λιτότης,
1141 1708 1203 1749 Sic
1230 1710 1337 1763 Virg.
1368 1711 1468 1761 (Ecl.

813 1777 892 1811 vn,
915 1765 1001 1816 17.)
1031 1762 1231 1814 posthabui
1249 1779 1368 1805 tamen
1389 1766 1471 1805 illo-

813 1832 893 1863 rum
909 1834 986 1858 mea
1006 1820 1114 1870 seria
1137 1820 1230 1861 ludo.
1284 1822 1393 1861 Haut
1413 1825 1469 1861 in-

812 1878 893 1914 uito
915 1874 1036 1928 firmo
1068 1875 1160 1914 mihi
1195 1875 1332 1929 acceffit
1361 1878 1466 1931 tuus]

813 1933 936 1970 Senili
955 1933 1216 1983 loquacitate:
1245 1947 1328 1984 pro,
1361 1934 1467 1973 Rec‘te

812 1988 955 2027 locutus
983 2003 1030 2027 es.
1085 1990 1134 2028 D.

867 2056 919 2098 33
963 2044 1098 2083 Omnes
1130 2042 1200 2090 res]
1239 2043 1329 2082 Plus
1356 2043 1467 2096 dixit,

812 2113 928 2150 quam
951 2099 1318 2138 fionremdicm-et.
1372 2100 1469 2138 Prae

110 2163 163 2189 ex
183 2149 461 2192 deliberatione
481 2156 638 2206 colligit,
660 2157 762 2207 quod
808 2167 960 2206 parente
984 2153 1164 2210 intelligo]
1197 2158 1304 2193 Bene
1329 2155 1469 2194 Paren-

110 2205 276 2246 faehurus
295 2207 358 2246 est.
413 2210 459 2248 Et
475 2211 625 2250 mollius
638 2211 764 2266 Segre-

110 2262 247 2318 ganda,
272 2275 385 2314 quam
400 2263 653 2306 Excludenda.
684 2269 733 2306 D.

166 2383 217 2424 31
259 2372 370 2412 Nunc
404 2389 457 2414 me
485 2379 604 2429 pietas
631 2380 763 2418 matris

105 2431 236 2481 potius
258 2431 475 2471 commodum
488 2432 621 2482 ficadet
632 2433 762 2487 fiqui]

110 2485 242 2534 Quam
268 2486 445 2526 mollibus
462 2488 586 2528 verbis
614 2489 763 2540 repudi-

108 2551 175 2635 lm}
206 2542 435 2635 ugnciarum
461 2543 515 2582 est
542 2558 565 2582 a
587 2545 763 2597 Pamphi-

126 2607 171 2634 ο.
272 2626 280 2634 .

811 2224 871 2250 te:
903 2211 1008 2262 quod
1035 2224 1181 2249 nomen
1202 2223 1408 2249 commune
1427 2222 1468 2250 et

812 2279 898 2304 cum
927 2278 1032 2316 patre
1053 2266 1124 2312 est,
1162 2276 1200 2303 et
1219 2279 1307 2303 cum
1343 2267 1468 2306 omui-

811 2321 894 2368 bus,
914 2334 1008 2372 quus
1021 2322 1114 2360 haec
1133 2321 1467 2361 necessimdocon-

814 2378 952 2428 iungit.
1007 2377 1151 2417 Melius
1183 2388 1301 2429 erge,
1348 2392 1466 2430 quam

814 2434 839 2472 ii
862 2432 1009 2470 duceret
1028 2434 1205 2471 Mun-em.
1265 2435 1314 2473 D.

866 2488 992 2542 Quum
1020 2501 1055 2526 te
1080 2486 1303 2540 postputaffiss]
1330 2490 1376 2527 In
1394 2484 1464 2530 Ms.

813 2547 857 2585 R.
888 2559 933 2592 te,
955 2540 1130 2582 omiss'um
1152 2544 1214 2582 est.
1272 2545 1313 2582 L.

866 2604 1041 2650 Repone‚
1062 2598 1467 2649 quod‘1·e1·emio,tan.

810 2666 850 2694 to
868 2655 1011 2694 artifice
1031 2654 1185 2708 dignius
1204 2655 1270 2704 est,
1300 2655 1389 2695 cum
1410 2669 1468 2694 res

164 2717 219 2758 32
258 2707 322 2746 Ad
355 2720 460 2749 aures
496 2707 586 2750 baut
617 2711 761 2766 inuito]
807 2709 1020 2764 postputaffi
1040 2723 1076 2750 te
1099 2713 1227 2751 onmis.
1284 2713 1320 2749 Β.

108 2758 190 2805 Ter.
203 2762 242 2803 C.
262 2762 306 2802 P.
323 2764 373 2803 11.

949 2770 983 2808 Χ
