1875 3292
409 186 483 242 ‘34

755 210 762 218 s
816 171 981 221 AeT.
1011 171 1062 217 11.
1093 169 1288 217 SCEN.
1324 168 1356 215 1.

549 302 788 371 Sperabam
811 303 897 349 iam
922 295 1148 349 deseruisse
1169 296 1511 346 adolescentiam.

558 380 838 429 Gaudebam:
865 394 962 425 ecce
973 388 1117 423 autem
1129 375 1182 422 de
1195 376 1383 435 integro.
1410 371 1487 420 nisi
1501 371 1710 437 quicquid
1722 369 1811 425 est‚>

427 479 433 483 ·
452 475 526 523 74
559 457 674 507 Volo
698 456 824 502 scire:
860 467 989 519 atque
1011 453 1242 500 hominem
1264 452 1516 505 conuenire,
1537 447 1568 497 fi
1591 448 1708 515 apud
1730 448 1798 496 fo·

656 548 758 580 rum
789 529 865 578 est.

461 679 732 735 Achs
791 674 1143 730 sechm
1190 672 1446 726 SCENA
1499 655 1761 724 PRIMAss

595 770 847 813 SANNIO.
886 766 1260 810 AESCHINVS.
1304 762 1629 805 PARMENO.

427 905 530 1019 O
546 929 565 955 Β
586 928 604 958 s
627 929 650 956 E
671 928 696 956 c
717 925 746 955 n
768 925 794 956 o
821 907 830 954 ἱ
879 906 1140 972 populareS,
1187 904 1296 952 ferte
1328 902 1484 950 misero
1515 912 1645 967 atque
1675 903 1802 950 iuno-

763 985 880 1032 ceuti
912 982 1143 1029 auxilium:

432 1183 539 1218 num,
572 1176 614 1207 et
640 1165 731 1220 (fid
757 1166 821 1218 Z.)
850 1162 1005 1216 pudore
1023 1162 1094 1202 im·

433 1226 610 1280 peditum
627 1252 638 1269 ‚
671 1233 823 1262 tantum
852 1221 927 1259 hoc
946 1217 1094 1268 dixisse,

435 1282 542 1334 quod
574 1278 737 1319 honeste
755 1279 901 1330 potuit,
933 1277 1036 1317 velle
1059 1272 1097 1315 se

434 1352 594 1379 vxorem
625 1336 789 1376 ducere:
821 1347 937 1386 quam
967 1343 1097 1371 autem

434 1396 566 1443 vellet,
592 1389 746 1432 tacuisse
764 1387 978 1430 confusum.
1007 1392 1058 1430 D.

489 1465 544 1505 72
577 1448 776 1502 Sperabam
805 1451 878 1485 iam
904 1441 1100 1497 defferuiffe

437 1505 735 1559 adolcscentiam]
767 1504 882 1545 Refoe
891 1500 1101 1555 Sperabam,

438 1579 511 1619 pro
537 1561 777 1603 Gaudebam:
809 1560 854 1599 {ic
881 1560 988 1598 enim
1009 1558 1102 1596 dici-

438 1634 545 1670 mus,
585 1631 705 1670 quum
726 1614 864 1655 erraffe
885 1628 955 1653 nos
978 1614 1098 1652 cerui·

441 1690 539 1717 mus,
598 1679 646 1716 Et
666 1674 780 1712 mire:
804 1685 885 1710 non
899 1671 1005 1718 dixit,
1019 1672 1102 1722 Spe-

442 1732 573 1774 rabam
611 1729 710 1769 illum
748 1743 823 1767 tam
860 1738 1077 1778 corruptum
1088 1740 1104 1762 .-

443 1788 509 1830 sed
547 1788 650 1827 mitis
683 1783 800 1825 senex
835 1794 954 1822 totum
987 1782 1102 1821 aetati

444 1845 638 1888 attribuit,
671 1841 768 1880 nihil
798 1839 890 1879 filio.
945 1839 1106 1889 Destru-

446 1903 506 1956 isle
524 1897 824 1950 adolefientiam]
857 1898 994 1936 Seruat
1017 1908 1105 1947 pro-

446 1959 611 2013 poiitum
647 1957 743 1993 circa
778 1952 912 1992 aetatis
941 1953 1106 1992 veniam.

445 2012 668 2065 Deferuiffo]
719 2010 835 2062 Quasi
871 2006 1047 2048 deorsum
1085 2021 1106 2046 a

446 2071 602 2114 feruore
639 2064 813 2108 tenuisse.
880 2066 1044 2118 Legitur
1070 2073 1109 2104 et

448 2125 648 2180 ‘lfieu'ffi-
706 2128 757 2166 I).

500 2198 553 2240 73
598 2184 686 2222 Ecce
726 2192 849 2219 autem
876 2178 919 2217 de
947 2180 1108 2232 integro.

451 2242 527 2293 nisi
560 2237 737 2294 quicquid
771 2235 838 2289 est]
880 2235 1109 2276 Α’ποσιῶπησις

452 2301 594 2353 prima:
624 2295 715 2346 quia
733 2307 814 2331 nou
836 2292 917 2330 vult
937 2290 1109 2329 credere.

455 2355 547 2407 Nisi
558 2351 736 2406 quicquid
750 2349 815 2403 est]
849 2347 978 2394 Deest,
1000 2348 1087 2399 quia
1099 2362 1113 2383 .-

454 2425 491 2451 vt
515 2411 566 2456 iit,
588 2409 657 2459 nist
678 2409 777 2460 quia.
837 2408 885 2445 Et
905 2403 957 2444 est
976 2400 1112 2450 sensus,

454 2468 530 2509 Niii
562 2467 649 2516 quin
686 2478 767 2502 non
799 2473 947 2500 temere
980 2459 1111 2508 credo,

456 2536 497 2564 et
516 2523 603 2561 volo
629 2518 718 2558 scire
738 2517 920 2570 quicquid
936 2515 999 2555 est.
1029 2519 1078 2557 D.

516 2593 532 2620 1
581 2576 754 2625 Obsi'cro!
789 2574 1003 2627 populares]
1041 2571 1114 2610 Po-

453 2637 635 2690 pularims
666 2634 703 2670 iu
734 2633 858 2669 omnis
885 2631 941 2669 rei
965 2625 1115 2668 consor-

460 2694 554 2732 tium
574 2688 739 2730 sumitur.
771 2700 877 2726 nunc
897 2697 1026 2726 autem
1046 2697 1116 2740 po·

1698 1053 1808 1101 Sub·

1141 1162 1287 1219 pulares
1317 1162 1420 1200 ciues
1451 1159 1556 1199 dicit.
1589 1169 1628 1198 et
1648 1157 1720 1198 hoc
1739 1156 1808 1204 est,

1145 1218 1252 1271 quod
1284 1228 1434 1257 veteres
1468 1216 1667 1272 Qiritari
1703 1215 1809 1254 dice-

1143 1274 1255 1327 baut,
1275 1275 1452 1325 Quirites
1465 1273 1708 1312 conclamare
1721 1271 1810 1320 (Lu-

1145 1333 1206 1371 cil.
1246 1346 1268 1371 a
1304 1380 1307 1384 ⁴
1379 1333 1487 1373 Non.
1517 1342 1551 1368 v.
1582 1329 1807 1380 Quiritare:

1148 1391 1249 1437 Hic,
1289 1382 1462 1440 ti'zljisam,
1493 1386 1601 1425 rudet
1621 1399 1638 1423 e
1668 1384 1808 1436 rostris,

1150 1458 1259 1498 atque
1309 1442 1498 1484 eiulitabit
1517 1471 1526 1484 .
1578 1439 1810 1491 Concurfims

1150 1505 1207 1541 vti
1237 1502 1447 1546 arenarius,
1495 1497 1661 1551 clareque
1691 1499 1811 1550 quiri-

1150 1559 1265 1609 tans).
1324 1557 1480 1607 Obficro
1494 1557 1699 1609 populares,
1708 1554 1813 1604 ferte

1149 1614 1281 1664 mistro
1292 1627 1403 1665 atque
1411 1614 1600 1652 innocenti
1610 1610 1812 1664 auxilium]

1151 1672 1225 1710 Hic
1237 1669 1461 1719 exemplum
1474 1667 1529 1707 est
1543 1666 1814 1706 contumelioii

1152 1739 1221 1778 per
1242 1725 1459 1777 potentiam
1471 1724 1613 1771 diuitis,
1628 1726 1716 1763 etin
1732 1737 1815 1775 per-

1153 1784 1299 1822 niciem
1333 1778 1434 1820 suam
1463 1781 1643 1832 pauperis
1672 1791 1815 1818 cuntu-

1154 1839 1284 1878 mat-is.
1318 1883 1320 1886 v
1344 1837 1489 1888 [Misero
1509 1848 1621 1889 atque
1641 1838 1817 1875 innocen-

1155 1900 1185 1936 ti
1219 1894 1422 1933 auxilium:
1459 1892 1658 1944 subuenite
1694 1893 1819 1944 inopi}

1155 1953 1249 1993 Tria
1271 1948 1367 1999 sunt,
1386 1950 1520 2002 Μξβεν,
1541 1950 1728 1997 Innocens,
1755 1949 1818 1988 In-

1157 2020 1238 2063 ops.
1295 2009 1345 2047 D.

1216 2063 1372 2115 Ohfi’cro
1392 2066 1409 2102 Ι
1449 2061 1662 2116 populares]
1711 2062 1820 2101 Haec

1159 2122 1284 2160 Sceua
1307 2122 1383 2158 vim
1397 2120 1614 2159 certaminis
1627 2118 1819 2165 continet,

1159 2177 1240 2217 fine
1270 2177 1340 2215 vlla
1361 2174 1485 2227 specie
1515 2173 1819 2214 controuersiae:

1160 2245 1309 2274 tantuin
1332 2234 1369 2270 in
1391 2232 1498 2272 ditiis
1518 2231 1709 2283 quaedam
1731 2243 1823 2281 qua-

1160 2287 1426 2329 litashabctur.
1488 2287 1710 2339 Populares]
1733 2289 1822 2327 Hoc

1161 2360 1308 2386 nomeu
1330 2343 1516 2394 fignificat
1535 2344 1585 2383 de
1598 2343 1747 2396 populo
1767 2339 1824 2382 so-

1162 2405 1238 2444 cios
1251 2399 1428 2450 eiusdem
1449 2400 1691 2439 conditionis.
1724 2403 1767 2440 E.

1219 2459 1278 2499 Bis
1298 2455 1537 2498 Aeschinum
1565 2470 1653 2495 cum
1680 2456 1827 2494 lenone

1163 2514 1241 2554 ess'e
1288 2516 1449 2553 rixatum
1498 2513 1715 2552 tenendum
1754 2510 1828 2557 est;

1164 2573 1331 2624 primum
1353 2584 1438 2609 cum
1464 2583 1511 2608 ex
1532 2570 1650 2609 domo
1673 2568 1829 2606 lenonis

1165 2627 1362 2666 fidicinam
1382 2626 1616 2674 abduce1·et;
1640 2625 1751 2662 euius
1773 2623 1829 2660 rei

1165 2697 1364 2724 rumorem
1396 2681 1507 2736 supra
1539 2682 1586 2723 ad
1611 2681 1830 2726 Micionem

1720 2734 1828 2775 deru-
