1875 3244
627 204 917 255 HECYRAss

1329 216 1419 267 3¹3

150 350 164 366 ⁶
210 340 414 397 Magnus,
434 334 715 386 rubicundus,
735 332 908 397 crispus,
931 324 1101 379 crassuS,
1121 324 1290 381 caestus,

215 412 474 460 Cadauerosa
497 412 615 457 facie.
653 408 686 455 P
699 423 729 454 A
745 422 789 453 R.
828 408 904 476 Dii·
922 404 1044 459 illum
1063 402 1283 466 perduint.

214 487 350 544 Quid,
362 486 391 535 si
400 504 490 535 non
504 488 646 533 veniet
659 482 678 530 ?
698 496 950 530 maneamne
961 479 1086 542 vsque
1099 478 1151 525 ad
1170 478 1392 543 vespermn
1405 481 1425 527 ἶ*

84 683 151 727 est.
206 686 260 725 Ae
300 684 446 735 ficiam
485 696 530 723 vt
570 681 734 736 noueris]

87 739 333 782 stomachose
396 737 734 791 pronunciandum

87 799 165 839 Au
196 796 299 848 quod
324 807 362 834 et
381 793 600 846 Pamphilus
626 805 735 845 repe-

89 854 133 891 tit
151 852 293 899 dicens,
322 853 374 890 At
390 852 536 903 ficiam
566 863 608 890 vt
630 862 735 889 noue-

88 911 152 948 ris.
216 910 264 948 D.

144 965 195 1004 26
226 957 736 1016 Magnus‚rubicundus,crisl

84 1029 167 1072 pus,
199 1019 351 1069 caestus,
383 1016 527 1068 craffits]
555 1021 734 1067 Propera-

90 1077 154 1120 tiO,
172 1072 403 1119 σιηαῦςσιᾰμδς.
435 1084 472 1112 et
500 1085 636 1112 aceruo
654 1070 736 1109 sine

90 1125 501 1169 coniunffluoestvsus.
557 1128 736 1182 Magnus,

91 1183 328 1278 rubicundugi]
376 1183 559 1233 Imperite
589 1186 736 1223 Teren·

92 1242 189 1279 tium
214 1239 263 1278 de
327 1239 469 1292 yconio
498 1236 658 1290 crispum
685 1236 738 1276 di-

93 1293 186 1336 xisse
210 1296 339 1340 aiunt,
369 1307 455 1333 cum
481 1292 738 1345 Apollodorus

94 1352 247 1390 caluom
273 1350 429 1393 dixerit:
468 1349 570 1401 quod
597 1348 740 1402 propri-

94 1420 160 1446 um
191 1405 371 1457 Mycenis
406 1405 469 1445 est.
504 1417 541 1444 vt
566 1404 740 1451 Lucilius,

95 1462 251 1510 Myconi
282 1461 380 1499 calua
409 1462 524 1514 omnis
561 1462 741 1498 iuuentus.

95 1516 212 1558 Vnde
231 1517 344 1556 etiam
365 1514 608 1567 prouerbium
625 1517 742 1555 Grae·

99 1585 187 1611 cum
227 1571 388 1611 Muxm'woe
424 1569 608 1616 φαλακρδς.
664 1569 741 1608 Sed

97 1640 174 1680 ego
192 1628 422 1677 Terentium
441 1623 533 1677 puto
560 1622 742 1664 scientem

96 1682 254 1724 facetius
271 1683 496 1734 Myconium
513 1679 672 1731 crispum
691 1679 742 1718 di-

98 1735 202 1780 xisse.
258 1738 412 1788 Caeszies]
437 1736 594 1776 Glaucis
612 1735 742 1781 oculis,

100 1792 201 1844 quasi
241 1791 326 1832 selis
365 1791 496 1831 oculos
531 1790 678 1831 habens
704 1801 743 1829 et

102 1850 269 1902 glaucos.
319 1850 369 1888 D.

157 1902 310 1954 Caefius]
349 1903 478 1942 Oculis
514 1902 620 1941 tortis
656 1915 744 1954 pau-

103 1960 197 1998 lum.
251 1960 295 1998 E.
655 2006 657 2009 .

160 2025 212 2064 27
242 2010 470 2062 Cadauerofh
479 2012 596 2064 facie]
624 2010 746 2052 Subli-

104 2068 215 2114 uida‚
238 2068 292 2106 'ac
320 2065 519 2119 personata
544 2066 681 2106 rubore
708 2076 748 2106 et

107 2125 245 2163 liuore.
299 2121 510 2163 Rubicundi
555 2124 661 2161 enim
709 2133 748 2160 et

106 2178 315 2219 craffiorem
325 2176 457 2217 faciem
470 2175 578 2230 saepe
588 2177 748 2217 babent:

109 2233 213 2285 quod
241 2233 292 2272 est
324 2236 520 2286 proprium
546 2233 749 2272 cadaueris.

108 2288 234 2331 Potest
271 2300 310 2326 et
333 2285 488 2340 pulposa
520 2288 683 2339 intelligi
710 2297 749 2325 et

109 2341 241 2389 crassa,
270 2343 371 2394 quali
395 2342 626 2389 cadauerosa,
653 2342 749 2382 caro

110 2402 216 2439 enim
237 2398 332 2438 diua
352 2398 415 2443 est,
436 2412 483 2437 eo
503 2399 606 2449 quod
629 2407 751 2437 careat

110 2456 246 2497 anima.
303 2456 349 2492 Et
370 2454 463 2492 Caro
483 2455 636 2506 proprie
665 2451 751 2491 dici-

112 2523 172 2550 tur
191 2519 436 2548 mortuorum.
470 2511 574 2562 Virg.
587 2511 674 2561 (Ge.
695 2521 753 2555 lv,

111 2569 226 2619 255.)
253 2564 302 2602 Et
321 2564 549 2615 corporaluce
559 2577 752 2604 carentum.

112 2621 231 2662 Vnde
275 2618 467 2670 carnifices
502 2620 605 2667 dieti,
648 2620 750 2670 quod

112 2688 247 2715 earnes
300 2689 347 2713 ex
398 2675 557 2715 homine
600 2674 752 2716 saciant.

115 2731 228 2785 Palpo
264 2743 352 2770 vero
391 2732 542 2782 proprie
571 2742 615 2769 ea
653 2742 751 2781 quae

1273 558 1305 602 P
1326 569 1423 602 AM.

783 677 1040 725 manducatur,
1068 689 1118 716 eo
1136 676 1240 728 quod
1260 668 1429 729 pulsetur

784 747 824 775 et
851 731 1123 775 conscindatur.
1179 731 1303 773 Potest
1329 745 1366 772 et
1392 734 1429 773 R

783 804 852 844 pro
872 789 913 829 D
936 790 1046 841 poni:
1076 799 1117 827 vt
1141 788 1237 827 caro
1262 787 1304 828 iit
1331 788 1430 830 diua

783 845 884 899 quafi
907 845 1005 884 cado.
1035 855 1072 882 vt
1093 844 1202 897 Virg.
1223 845 1345 895 (Aen.
1365 858 1429 892 vr,

780 906 894 956 481.)
927 901 1094 953 Bellaque
1126 901 1252 938 caduci
1278 900 1431 940 Darda·

780 958 897 998 uidae.
937 956 1042 1007 quod
1076 956 1152 994 iam
1184 953 1324 995 scilicet
1350 955 1432 996 sine
1508 954 1517 977 ³

782 1013 910 1054 anima
939 1011 982 1051 fit
1002 1022 1042 1050 et
1059 1011 1178 1051 cadar.
1234 1010 1306 1050 Dii
1332 1010 1434 1052 illum
1506 1019 1510 1023 “

779 1069 974 1122 perduint]
1000 1069 1113 1108 More
1122 1067 1317 1118 pigrorum
1330 1068 1434 1111 male

786 1133 893 1176 optat
912 1124 969 1171 ei,
997 1132 1155 1175 propter
1173 1135 1290 1174 quem
1313 1124 1435 1163 mitti-

788 1190 858 1220 tur.
915 1181 965 1219 D.

841 1232 1075 1284 Cadauerofh
1116 1234 1249 1287 fizcies]
1293 1233 1437 1276 Sidon.-

787 1290 1002 1342 Apoll.‚lib.
1021 1302 1109 1336 mn,
1138 1288 1251 1340 Epist.
1272 1302 1308 1342 3.
1348 1289 1436 1329 Sor·

787 1347 910 1386 didior
934 1344 981 1396 est
1007 1358 1115 1398 atque
1138 1344 1345 1396 deformior
1381 1359 1437 1385 ca-

789 1402 919 1440 dauere
936 1399 1063 1453 rogali.
1122 1402 1163 1440 L.

840 1457 955 1496 Reae
972 1454 1104 1496 Bemb.
1125 1458 1345 1496 etDonatus
1363 1470 1436 1509 pro

791 1512 934 1564 vulgari
961 1506 1107 1553 Facies„
1126 1510 1271 1550 habent
1303 1512 1437 1560 Facie3

791 1579 830 1606 et
850 1567 945 1606 haec
965 1566 1080 1606 verba
1098 1579 1177 1605 non
1195 1569 1437 1616 Parmenoni,

790 1621 851 1662 sed
898 1620 1095 1672 Pamphilo
1136 1621 1317 1661 tribuunt.
1338 1637 1342 1640 ·
1385 1628 1438 1664 At

792 1676 1017 1726 Cadaverofiz
1036 1675 1214 1729 displicet,
1239 1678 1328 1727 quia
1345 1691 1365 1717 a
1377 1691 1437 1717 ca..

763 1775 766 1778 Δ
791 1733 975 1772 dauerum
998 1730 1131 1779 forma,
1154 1744 1257 1783 quae
1276 1734 1385 1772 varia‘
1397 1745 1438 1774 et

791 1791 938 1828 incerta
956 1786 1028 1835 est,
1061 1787 1176 1827 facies
1200 1786 1349 1827 definiri
1370 1802 1438 1828 ne-

791 1845 886 1895 quit.
942 1844 1061 1896 Igitur
1097 1855 1248 1896 repone
1277 1844 1440 1900 Lentigi·

792 1900 891 1951 nostr.
947 1900 1008 1939 Sic
1037 1900 1139 1951 apud
1169 1899 1249 1939 val.
1276 1901 1377 1939 Max.
1404 1913 1438 1949 1,

791 1967 840 2010 7,
867 1958 950 1997 Ext.
973 1957 1008 1995 6.
1040 1968 1078 1993 os
1101 1954 1359 2010 lentiginofiam
1378 1969 1440 1994 oc-

795 2012 917 2050 currit.
949 2008 1010 2052 Cs.
1030 2011 1173 2050 Donat.
1191 2009 1239 2049 ad
1256 2012 1355 2049 Eun.
1373 2024 1438 2058 lv,

823 2078 917 2115 ,22-
972 2066 1011 2104 B.

793 2080 820 2119 ⁴
850 2127 901 2168 28
938 2117 1099 2173 Quidfi
1119 2135 1192 2159 non
1218 2121 1352 2174 veniet]
1388 2123 1441 2161 O·

797 2177 900 2215 mnia
927 2175 1036 2223 dicit,
1065 2189 1117 2214 ne
1135 2187 1204 2215 eat.
1260 2177 1441 2216 Manem:

798 2233 918 2273 curre]
958 2231 1082 2271 Etiam
1114 2230 1335 2282 Pamphilus
1359 2242 1441 2271 tan-

797 2299 911 2336 quam
941 2285 991 2324 de
1008 2286 1188 2324 industria
1215 2285 1440 2337 perseuerat.

797 2342 887 2381 Non
925 2354 1041 2392 queo:
1074 2343 1132 2379 im
1166 2341 1313 2392 dqfeffiss
1334 2341 1440 2397 stem]

798 2398 883 2436 Hoc
902 2397 940 2434 in
953 2395 1070 2447 gestu,
1091 2408 1128 2435 et
1139 2395 1345 2447 speclaculo
1357 2399 1442 2450 plus

800 2450 879 2496 esl3
920 2464 1006 2490 nam
1043 2449 1206 2490 incess'us
1241 2463 1280 2490 et
1309 2454 1442 2492 anaor

802 2505 940 2558 (forte,
967 2506 1093 2558 inceffiae
1119 2521 1152 2545 et
1170 2506 1357 2560 anhelitu)
1377 2521 1442 2548 ex-

802 2561 1210 2614 primitlassitudinem.
1268 2568 1315 2605 D.

857 2617 977 2669 Vsque
990 2618 1042 2656 ad
1055 2618 1289 2674 vesperum?]
1313 2616 1443 2671 Vosque

800 2672 848 2714 ad
867 2674 1033 2714 nouem.
1088 2676 1133 2716 Ε.
