1875 3292
407 223 504 275 134

782 208 938 255 ACT.
973 208 1049 254 IV.
1090 207 1281 255 SCEN.
1313 208 1388 256 111.

541 326 702 387 Meum
724 333 918 385 officium
941 337 1076 383 facio:
1115 335 1482 401 quod‘peccatum
1507 351 1530 382 a
1558 333 1686 382 nobis
1707 352 1777 382 or·

642 409 802 466 tum'st‚
832 415 1005 473 corrigo
1020 432 1030 458 t

544 488 642 540 Nifi
665 487 695 536 fi
722 505 792 536 me
815 491 859 535 in
887 490 962 536 illo
985 486 1200 535 credidisti
1222 483 1305 534 esse
1324 486 1559 535 hominum
1575 494 1777 540 numero,

644 567 721 629 qui
748 568 804 612 ita
829 576 1008 629 putant3

545 641 638 690 Sibi
662 638 755 687 fieri
776 642 982 687 iniuriam
1006 639 1143 694 vltro‚
1183 636 1214 685 {i
1235 655 1367 703 quam
1386 639 1526 687 fecere
1548 636 1627 704 ipsi
1650 653 1781 704 expo·

645 715 815 768 stulant,

489 811 514 858 5
553 796 610 842 Et
637 793 751 840 vitro
784 791 1000 838 accusant:
1041 790 1087 838 id
1119 792 1219 855 quia
1252 806 1343 837 non
1377 788 1435 837 est
1463 807 1486 837 a
1507 806 1577 836 me
1603 787 1782 843 fastum,

651 870 743 929 agis
770 868 955 928 gratias?

552 940 659 991 HE.
699 943 799 996 Ah,
843 944 1049 989 minime:
1089 958 1318 1005 nunquam
1337 951 1380 989 te
1402 942 1538 997 aliter,
1573 951 1702 1006 atque
1724 956 1787 992 es·

650 1021 698 1067 in
720 1021 917 1066 animum
941 1018 1093 1066 induxi
1113 1034 1278 1066 meum.

416 1241 562 1282 bialem
590 1241 634 1281 in
659 1236 698 1280 se
731 1240 920 1282 continet.
975 1241 1080 1281 Nam

416 1297 606 1353 fignificat
634 1298 757 1338 nimis.
813 1299 864 1338 D.

472 1410 557 1466 Ego
585 1412 628 1450 in
660 1408 728 1449 bac
751 1423 791 1448 re
809 1407 910 1449 nihil
925 1410 1080 1462 reperio,

417 1465 660 1521 quamobrem
706 1467 834 1505 lauder
875 1463 1082 1519 tantopere]

418 1516 555 1577 Hegio
578 1523 720 1577 gratias
729 1534 873 1575 egerat,
890 1521 998 1574 quod
1011 1522 1087 1564 Mi-

420 1581 482 1617 cio
520 1579 787 1629 promitteret,
835 1575 874 1616 se
905 1577 1087 1616 daturum

421 1647 596 1686 operam,
621 1644 661 1672 vt
682 1632 782 1672 filius
803 1630 886 1671 suus
912 1646 998 1671 eam
1018 1632 1087 1670 du-

420 1700 527 1730 ceret
547 1702 716 1736 vxorem,
739 1701 840 1739 quae
868 1688 998 1726 vitiata
1009 1686 1088 1726 fue-

419 1757 502 1792 1·at;
533 1745 626 1784 dum
646 1745 732 1795 (Ille
748 1747 869 1799 igitur
896 1746 960 1794 Z.)
990 1742 1087 1781 iuste

419 1800 570 1842 laudari
581 1799 617 1840 se
627 1810 749 1854 negat
766 1811 984 1851 propterea,
996 1799 1087 1850 quia

421 1858 552 1911 magis
575 1855 746 1896 officium
765 1853 982 1900 suumfaeit,
1005 1868 1087 1893 non

422 1915 487 1953 alii
512 1912 684 1965 praestat,
707 1926 793 1952 cum
814 1921 1014 1964 peccatum
1033 1908 1089 1951 su-

422 1983 492 2010 um
513 1970 692 2024 corrigat.
748 1971 792 2010 E.

475 2093 501 2123 2
529 2081 848 2134 Quodpeccatum
870 2094 891 2118 a
911 2080 1020 2120 nobis
1033 2093 1090 2119 or·

421 2151 502 2178 tum
536 2137 606 2189 est,
646 2136 814 2192 corrigo]
857 2137 896 2177 Si
930 2137 1090 2184 diceret,

420 2196 616 2236 Peccatum
637 2193 686 2247 est
707 2207 728 2232 a
749 2192 863 2235 nobis.
898 2193 1092 2245 participi·

422 2265 490 2290 um
519 2247 660 2290 fuiffet.
692 2262 802 2288 nunc
832 2250 921 2300 quia
956 2249 1092 2290 Ortum

422 2306 583 2355 addidit,
611 2318 758 2345 nomen
772 2304 835 2346 est.
881 2308 1092 2356 Nunquam

423 2365 533 2401 enim
582 2361 725 2402 eadem
766 2374 854 2414 pars
903 2363 1091 2401 orationis

424 2420 557 2472 iungi,
592 2418 660 2459 nisi
683 2431 757 2472 per
783 2416 980 2470 ἁσυύδετον,
1010 2429 1093 2472 pot-

426 2475 492 2514 est.
550 2479 600 2516 D.

476 2597 502 2638 4
534 2584 574 2623 Si
595 2598 706 2638 quam
721 2585 867 2635 ficere,
900 2587 1094 2640 ipsn'expo.

413 2640 572 2694 fialam]
611 2642 684 2681 Hic
719 2641 919 2697 distingue
938 2641 1027 2697 (Mt.
1053 2646 1093 2682 Β.

425 2710 478 2738 81
525 2709 677 2748 QVAM
723 2710 950 2743 recena.
1019 2700 1094 2742 Hic

1703 1090 1789 1141 Sed

1128 1238 1351 1296 distingue),
1381 1249 1421 1280 et
1448 1236 1647 1292 separatim
1674 1235 1792 1286 infer,

1128 1293 1205 1349 Ipfi
1229 1295 1474 1349 expostulant.
1531 1295 1573 1334 Si
1599 1308 1705 1349 quam
1731 1296 1794 1346 fi-

1131 1366 1231 1401 cere,
1264 1351 1341 1405 ipfi
1364 1351 1616 1406 expostulant]
1655 1347 1796 1391 Sensus

1131 1408 1185 1450 est
1229 1406 1477 1449 manifestus:
1522 1407 1589 1448 sed
1637 1405 1795 1446 obscura

1133 1463 1222 1505 sunt
1249 1465 1386 1514 verba,
1422 1476 1461 1505 et
1481 1478 1618 1504 eorum
1636 1463 1796 1504 colloca·

1136 1523 1191 1561 tio
1217 1533 1255 1562 et
1285 1520 1487 1561 distinetio.
1543 1524 1641 1561 Nam
1672 1521 1799 1559 incer·

1135 1589 1230 1626 tum,
1249 1589 1373 1617 vti-um
1397 1576 1440 1617 Si
1455 1577 1707 1633 expostulant,
1738 1576 1797 1614 in-

1136 1633 1397 1687 telligendum
1428 1632 1490 1672 fit:
1531 1647 1600 1680 an,
1630 1633 1796 1685 Siquam,

1137 1701 1206 1741 pro
1238 1702 1313 1727 vna
1333 1699 1444 1740 parte
1469 1687 1654 1728 orationis
1676 1687 1799 1739 accipi

1141 1754 1334 1797 oporteat.
1394 1745 1442 1784 D.

1191 1799 1254 1838 Ob
1284 1796 1456 1840 vitiosam
1484 1799 1718 1847 leffionem,
1753 1798 1799 1838 in

1138 1868 1255 1907 quam
1273 1856 1475 1904 inciderat,
1501 1857 1542 1895 in
1553 1854 1725 1896 hocloco
1737 1867 1802 1894 ex·

1137 1911 1320 1964 plicando
1350 1911 1558 1952 admodum
1587 1909 1624 1952 se
1644 1920 1814 1962 torquet.

1142 1971 1332 2010 Donatus.
1389 1971 1481 2023 Leg.
1521 1982 1571 2008 ex
1607 1967 1801 2008 Bembino

1137 2023 1369 2078 expostules,
1401 2036 1440 2063 vt
1466 2023 1508 2064 fit
1537 2021 1692 2065 sensus:
1736 2025 1802 2063 De

1140 2079 1238 2121 fafia
1256 2080 1303 2119 ab
1323 2082 1377 2121 eis
1406 2081 1476 2120 tibi
1494 2081 1653 2129 iniuria,
1680 2081 1799 2120 etiam

1142 2135 1299 2190 insuper
1318 2147 1357 2176 te
1376 2134 1561 2178 accusant.
1621 2140 1729 2177 Haec
1747 2134 1803 2174 est

1140 2194 1236 2234 ratio
1257 2194 1411 2240 Faerni‚
1443 2207 1560 2246 quam
1592 2193 1695 2233 reste
1714 2204 1805 2245 pro·

1143 2250 1211 2291 bat
1231 2249 1441 2291 Bemleius.
1498 2254 1538 2291 Ζ.

1197 2319 1222 2361 5·
1272 2304 1386 2346 Vltro
1436 2305 1638 2359 accufimt]
1687 2302 1804 2349 Vltro,

1143 2375 1248 2404 nune
1287 2374 1406 2412 praue
1440 2373 1482 2401 et
1509 2358 1700 2415 peruerse.
1759 2359 1808 2398 M

1142 2422 1230 2473 quia
1252 2431 1324 2457 non
1339 2417 1386 2469 est
1406 2417 1667 2471 amefizflum]
1695 2418 1805 2456 Haec

1142 2475 1409 2527 interrogatio,
1431 2474 1534 2526 quafi
1553 2472 1712 2514 subn-isti
1726 2472 1806 2510 vul-

1145 2541 1184 2571 tu
1205 2529 1258 2569 est
1278 2528 1525 2581 proferenda.
1579 2535 1630 2572 D.

1199 2589 1226 2630 6
1254 2585 1340 2625 Ab!
1388 2589 1552 2630 minime]
1584 2588 1671 2626 Non
1700 2584 1807 2621 mini-

1144 2656 1199 2683 me
1219 2656 1315 2695 ago:
1347 2639 1422 2691 sed,
1458 2643 1619 2683 Minime
1639 2653 1673 2680 te
1694 2639 1804 2680 credo

1144 2697 1207 2753 effi
1229 2697 1434 2741 moranum
1453 2711 1614 2740 numero.
1673 2700 1721 2738 D.
