1827 3180
594 200 947 248 PHORMIO.

1328 213 1419 262 523

125 352 150 400 5
192 336 328 390 Quin,
353 349 491 398 quum
514 349 627 399 opus
648 330 720 386 est,
743 327 1004 378 beneficium
1026 325 1198 374 rursum
1229 327 1269 373 ei
1290 342 1423 391 expe-

289 413 453 458 riamur
478 409 692 457 reddere?

192 481 299 533 GE.
337 488 434 535 Scio
479 484 684 549 equidem
713 484 798 530 hoc
837 477 920 528 ess‘e
953 494 1154 543 aequom.
1196 475 1310 526 AN.
1347 493 1427 539 age

291 578 413 623 ergo,
434 559 546 608 solus
575 561 742 607 seruare
763 558 883 604 hunc
907 566 1049 622 potes.

195 631 303 684 GE.
344 637 465 693 Quid
487 637 671 685 faciam?
706 636 806 682 AN.
838 633 1034 680 inuenias
1058 640 1306 692 argentum.
1328 625 1428 677 GE.

295 715 450 779 cupio:
488 712 556 761 sed
582 711 624 758 id
647 710 775 763 vnde,
797 709 947 756 edoce.

197 789 311 839 AN.
349 794 471 837 Pater
510 785 624 835 adest
654 788 739 834 hic.

779 781 884 832 GE.
921 783 1030 831 scio:
1065 781 1137 829 sed
1165 781 1271 846 quid
1301 779 1431 828 tum?

297 864 343 912 A
359 877 408 911 N.
444 864 514 918 ah,
537 860 704 910 difflum
725 862 903 928 sapienti
924 859 982 908 sat
1003 857 1077 905 est.
1102 908 1104 910 ,

197 937 249 990 G
265 954 306 987 Ε.
348 941 500 987 Itane?
535 939 582 986 A
597 952 646 985 N.
683 941 754 985 ita.
790 934 894 985 GE.
936 935 1033 982 sane
1069 933 1217 982 hercle
1248 931 1436 999 pulchre

297 1016 459 1063 suades.
498 1017 626 1062 etiam
646 1026 694 1062 tu
715 1015 818 1061 hinc
840 1013 964 1060 abis?

111 1109 130 1143 ι
143 1115 171 1147 0
207 1098 314 1142 Non
327 1092 622 1157 triumpho‚ex
636 1091 802 1155 nuptiis
815 1090 898 1136 tuis
913 1085 942 1133 si
956 1086 1065 1133 nihil
1079 1085 1299 1133 nanciscor
1307 1086 1409 1132 mali
1424 1101 1439 1141 ς

203 1172 269 1218 Ni
301 1171 430 1215 etiam
463 1185 581 1214 nunc
613 1183 685 1214 me
718 1167 850 1213 huius
884 1163 1004 1212 causa
1027 1178 1236 1228 quaerere
1255 1164 1302 1209 in
1323 1162 1439 1209 malo

302 1245 376 1292 iub
382 1262 460 1291 eas
473 1259 647 1291 crucem
657 1244 679 1289 ¹?

142 1430 216 1467 Pro
262 1426 401 1465 Faerni
450 1423 733 1463 emendatione

75 1485 248 1526 Adiuerit
289 1480 313 1519 fi
349 1478 537 1532 scripseris
564 1482 734 1529 Adrum,

78 1539 195 1580 versui
216 1539 337 1590 magis
357 1534 604 1576 consulueris.
644 1538 737 1578 Cer-

80 1610 118 1637 te
143 1598 288 1635 Aa'turo
311 1591 389 1633 isus
407 1593 620 1632 estEnnius
635 1591 736 1644 apud

80 1655 164 1696 Cic.
190 1653 238 1690 de
261 1650 411 1689 SeneEt.
473 1652 512 1688 B.

139 1723 159 1761 5
193 1712 262 1748 Pro
301 1706 448 1758 vulgari
475 1703 735 1757 Experiamur,

82 1777 121 1806 et
144 1763 322 1806 Bembini
350 1764 602 1814 bxpcriemur,
635 1760 737 1799 reste

82 1825 248 1864 Faernus
279 1818 494 1871 legendum
522 1816 600 1857 effe
619 1817 740 1855 conii-

83 1880 132 1918 cit
153 1878 379 1927 Experimue·.
440 1878 479 1913 Β.

139 1947 163 1983 7
197 1933 307 1988 ‚Quid
327 1930 523 1984 faciam?]
564 1929 743 1971 Comiter

85 1992 278 2042 (comit-es.
306 1989 480 2038 quamuis
502 1998 662 2037 vterque
685 1986 742 2023 in-

90 2047 237 2096 telligat
280 2043 370 2093 quid
410 2044 595 2082 alteruter
631 2043 742 2089 dicar,

91 2099 325 2141 dissimulant
344 2110 484 2137 tamen.
543 2103 592 2140 D.

147 2165 166 2204 g
206 2155 356 2194 Dic-'tum
388 2154 546 2208 sapienti
577 2153 642 2205 fiat
678 2167 694 2190 e
726 2153 743 2206 ]

92 2215 243 2255 Plautus
271 2208 379 2250 Persa
406 2224 462 2258 ιν,
489 2222 527 2258 7,
563 2218 622 2258 18-
678 2208 746 2247 Vbi

94 2283 170 2309 rum
191 2269 316 2307 lenone
336 2280 389 2304 me
409 2265 543 2305 videbi,
569 2265 746 2318 colloqui:

99 2327 192 2365 Tum
226 2321 374 2362 turbam
399 2323 540 2373 jacito.
577 2323 654 2361 SA.
694 2321 749 2359 di-

95 2383 188 2423 c'tum
199 2380 366 2431 sapienti
376 2378 443 2428 sat
465 2376 523 2428 est.
580 2379 619 2416 L.

150 2451 175 2490 9
215 2438 318 2475 Itane
348 2448 428 2473 non
454 2433 579 2486 potest
606 2430 749 2484 pedem

93 2494 156 2533 hic
179 2493 394 2532 sustentare.
407 2490 504 2532 Cod.
521 2492 613 2541 neg,
647 2489 750 2527 hane

97 2551 213 2592 dieis?
243 2551 348 2599 Lege
380 2549 528 2597 potius,
565 2547 649 2584 Itan
670 2544 750 2583 ais?

97 2606 139 2646 B.
195 2606 233 2646 Si
254 2603 377 2645 (totid.
398 2601 672 2648 concederent,
698 2602 750 2639 le-

100 2674 233 2716 gerem
255 2661 301 2701 Er
313 2674 364 2698 me
377 2672 417 2697 tn
441 2659 498 2696 hic
522 2659 627 2699 adii-7,
660 2658 694 2695 h.
717 2671 751 2696 e.

102 2732 140 2757 tu
163 2729 320 2768 quoquc·
341 2716 378 2753 in
401 2716 472 2753 hoc
495 2716 654 2766 negotio
666 2715 752 2752 alie·

1329 1316 1441 1360 AN.

781 1398 898 1461 etiam
926 1420 1017 1460 alibi
1046 1432 1116 1471 pro
1136 1417 1302 1473 Aggredi
1333 1417 1443 1467 poni·

786 1490 858 1517 tur.
915 1477 991 1518 Sed
1021 1476 1229 1514 retinenda
1252 1475 1364 1512 lec'tio
1387 1487 1444 1512 re·

786 1545 910 1586 cepta,
935 1544 974 1573 et
994 1530 1235 1582 explicanda,
1259 1533 1334 1568 lum
1358 1529 1444 1569 hinc

786 1590 863 1638 abi,
883 1601 1008 1644 apage.
1040 1591 1138 1627 Nam
1149 1586 1272 1625 Etiam
1286 1587 1447 1638 elegan-

789 1659 848 1685 ter
876 1647 918 1685 iu
946 1643 1121 1684 iubendo
1149 1642 1374 1687 adhibemr3
1405 1656 1445 1680 vr

786 1706 924 1744 Heaut.
949 1713 999 1748 Π,
1033 1712 1071 1747 2.
1101 1703 1139 1741 6.
1171 1700 1297 1738 Etiam
1320 1700 1446 1742 cauci?

790 1761 826 1799 h.
849 1774 881 1799 e.
902 1771 998 1798 caue
1016 1753 1168 1808 quaeso,
1223 1758 1264 1796 Z.

795 1900 797 1903 .
849 1883 900 1913 10
938 1871 1028 1910 Non
1064 1868 1280 1922 triumpho]
1326 1867 1451 1907 Maxi-

791 1941 898 1967 mum
923 1926 1016 1966 mihi
1047 1926 1229 1980 gaudium
1249 1922 1325 1972 est,
1356 1922 1382 1962 fi
1410 1935 1449 1961 te

792 1985 864 2023 tuis
892 1983 1038 2034 nuptiis
1067 1981 1164 2020 nihil
1194 1981 1319 2031 patior
1347 1980 1448 2026 mali,

792 2051 831 2080 et
850 2039 974 2078 adhuc
996 2051 1058 2076 me
1080 2039 1206 2090 cogis,
1237 2037 1286 2074 vti
1310 2036 1351 2074 in
1373 2050 1452 2074 ma-

792 2098 830 2136 lo
860 2095 965 2134 aliud
994 2095 1137 2133 malum
1167 2105 1370 2144 quaeram,
1411 2102 1452 2130 et

796 2153 916 2192 nullus
949 2151 1047 2190 Iocus
1077 2152 1310 2202 relinquatur
1331 2152 1454 2200 preci:

798 2219 835 2247 vt
855 2221 903 2247 ex
924 2207 1031 2246 omni
1053 2217 1160 2256 parte
1178 2202 1457 2243 circumcluda-

797 2277 882 2303 mus
893 2262 1028 2303 nostris
1041 2260 1218 2312 precibus
1234 2257 1354 2298 senes.
1382 2260 1426 2299 E.

856 2387 904 2417 11
937 2374 994 2413 Ni
1024 2374 1134 2412 etiam
1162 2384 1255 2410 nunc
1272 2384 1328 2410 me
1345 2369 1454 2410 huius

801 2430 907 2483 causa
933 2442 1106 2483 quaerere
1135 2430 1173 2467 in
1205 2428 1299 2467 malo
1335 2427 1456 2466 iubeat

801 2487 961 2540 crucem]
994 2484 1113 2536 Quasi
1139 2484 1259 2534 dicat,
1288 2487 1333 2524 ln
1352 2485 1455 2524 malo

801 2542 904 2582 aliud
922 2542 1076 2581 malum.
1132 2543 1181 2580 D.

859 2658 930 2694 Pro
961 2656 1116 2694 Crucem
1138 2650 1238 2693 sorte
1256 2653 1343 2704 fleg.
1372 2651 1460 2691 Ma·

806 2713 900 2752 lum:
930 2722 1035 2751 certe
1058 2712 1232 2750 Donatus
1259 2710 1306 2748 ita
1328 2705 1462 2761 legisse

104 2785 241 2813 nome
264 2772 473 2811 obtundis?
513 2771 759 2812 CerteAdtre
808 2769 973 2808 videtur.
1032 2769 1071 2806 B.
