1875 3292
362 160 432 209 24

775 150 937 197 ACT.
970 150 1004 196 1.
1048 148 1242 196 SCEN.
1271 150 1325 197 11.

407 294 470 331 ιο
503 277 724 326 Mulcauit
745 278 877 343 vsque
901 278 954 326 ad
975 289 1188 326 mortem:
1230 279 1394 344 eripuit
1417 279 1652 327 mulierem

505 359 654 411 Quam
674 355 858 403 amabat.
900 356 1086 403 clamant
1106 372 1275 408 omnes,
1300 352 1610 417 indignissume

506 429 694 481 Fastum
716 428 824 480 effe:
859 432 944 480 hoc
967 432 1217 479 aduenienti
1242 424 1496 496 quot'mihi,
1515 433 1670 486 Micio,

507 510 703 559 Dixere?
747 510 793 555 in
821 505 947 556 ore'st
970 512 1094 555 omni
1117 508 1304 573 populo.
1344 507 1534 572 denique

508 586 554 632 Si
575 585 891 633 conferendum
916 586 1167 650 exemplum
1189 582 1268 637 est,
1299 599 1392 631 non
1423 583 1602 631 fratrem
1633 582 1752 633 videt

388 723 391 735 Y
414 677 474 726 15
515 662 596 710 Rei
619 661 721 711 dare
743 678 940 728 operam,
964 663 1059 709 ruri
1079 658 1163 709 ess'e
1186 676 1370 728 parcum
1388 676 1436 709 ac
1457 659 1683 709 sobrium?

1637 733 1756 784 Nul-

381 864 540 906 lenonis
570 863 691 914 dicit‚‘
720 874 787 905 aut
814 878 887 918 pro
922 876 1046 906 mere·
1090 865 1196 919 pult]
1229 866 1340 912 Non,
1372 860 1558 909 Abdum,
1588 857 1653 902 sed
1670 861 1759 901 Eri-

383 921 555 962 tricibus.
592 922 664 962 D.

439 978 563 1030 Ipficm
606 979 795 1018 dominum
840 983 1050 1022 Lentonem

386 1036 632 1087 appellauit3
682 1034 831 1075 deinde
874 1036 1052 1076 meretri·

385 1104 494 1140 cem,
520 1091 720 1133 mulierem.
778 1096 827 1134 Et
853 1092 927 1132 hoc
947 1090 1050 1144 quafi

386 1148 561 1188 criminis
588 1162 714 1206 genus
744 1149 925 1201 probauit
951 1164 971 1188 a
996 1159 1051 1188 te-

387 1204 520 1253 stibus,
539 1206 645 1257 quod
664 1219 784 1245 omnes
805 1207 975 1255 clamant,
993 1207 1051 1245 in·

386 1260 758 1316 digmffimefiztftum.
820 1261 980 1303 Deinde
992 1261 1054 1301 ad-

387 1318 480 1359 iecit
499 1321 847 1370 comparationem,
880 1318 986 1370 quod
1005 1317 1053 1358 fa-

390 1376 501 1415 cilius
521 1376 598 1414 vita
617 1376 726 1425 poffit
737 1375 985 1428 deprehendi
1005 1388 1056 1414 ex

390 1429 487 1480 hoc,
517 1432 607 1484 quia
623 1430 741 1471 frater
760 1434 843 1472 eius
865 1432 941 1472 ruri
961 1444 1056 1484 ope·

392 1502 474 1529 ram
497 1487 575 1538 det,
601 1487 778 1528 nesciens
798 1489 904 1540 quod
918 1488 1057 1528 eadem

393 1545 581 1586 meretrix
598 1544 667 1597 ipsi
694 1544 930 1585 adolescenti
952 1555 1059 1596 rapta

395 1600 450 1641 fit.
504 1600 582 1640 Sed
619 1602 747 1640 omnis
784 1599 976 1640 conclusio
1003 1613 1062 1639 ac-

398 1654 603 1695 cusationis
641 1657 683 1694 in
713 1657 953 1701 Micionem,
992 1655 1062 1707 qui

399 1713 483 1752 eius
517 1723 625 1764 pater
648 1711 721 1760 est,
752 1724 1002 1764 retorquetur
1023 1722 1062 1750 et

399 1765 641 1815 transfertur,
681 1769 787 1820 quod
823 1767 905 1823 ipse
939 1767 1064 1808 filium

402 1826 617 1880 corruperit
636 1826 813 1866 lenitate.
872 1828 915 1867 E.

463 1951 514 1980 10
535 1937 744 1991 Multauit]
768 1938 1069 1982 Lacerauit,mu-

406 1996 556 2043 timuit,
585 1995 767 2042 molliuit,
808 2005 923 2046 atque
945 1991 1069 2033 dissol—

407 2054 476 2093 uit.
536 2052 654 2094 Vnde
664 2050 855 2091 Mulciber
869 2065 890 2090 a
905 2051 1069 2090 multan-

411 2110 475 2157 do,
501 2108 601 2160 quali
622 2106 824 2148 Mulciber.
888 2106 1004 2160 Vsque
1021 2106 1073 2146 ad

411 2166 585 2220 mortem]
623 2168 775 2218 Magna
806 2162 953 2202 inuidia
990 2176 1073 2202 cae·

411 2222 471 2262 dis
494 2232 531 2261 et
557 2222 690 2260 mortis
711 2221 935 2267 mentione,
973 2231 1074 2271 quae

415 2289 547 2316 tamen
585 2279 683 2317 nulli
720 2277 864 2317 accidit.
924 2276 1076 2329 Eripuit

415 2333 603 2375 mulierem
622 2347 733 2387 quam
743 2332 913 2387 amabat]
931 2333 1076 2373 Omnia

419 2400 565 2441 magno
606 2392 736 2430 colore
775 2401 813 2431 et
845 2387 1077 2429 accusatorie

420 2446 520 2486 diua
542 2444 644 2493 sunt,
673 2458 714 2486 et
731 2459 779 2486 ex
799 2446 873 2486 hoc
892 2446 1074 2493 maxime,

420 2501 526 2553 quod
554 2502 738 2542 lenonem
770 2515 808 2542 et
834 2503 1080 2542 meretricem

422 2572 506 2598 non
526 2557 632 2604 dixit,
653 2571 859 2599 contentus
877 2557 963 2598 saili
982 2569 1080 2597 atre.-

422 2615 557 2661 citate‚
591 2614 922 2668 personarumque
956 2615 1080 2654 vilita-

423 2682 505 2713 tem
541 2671 723 2719 reticens.
781 2671 980 2715 Mulierem
1009 2672 1082 2728 eri:

1092 924 1193 977 puit.
1249 922 1300 960 D.

1154 981 1226 1018 Pro
1244 976 1436 1017 Multauit
1453 976 1558 1016 refle
1579 974 1672 1014 libb.
1692 986 1761 1013 an-

1099 1035 1199 1087 tiqui
1218 1032 1366 1073 habent
1383 1031 1583 1072 Mulcauit.
1639 1035 1678 1072 B.

1162 1103 1207 1133 11
1243 1089 1436 1143 Clamant]
1463 1094 1497 1131 A
1523 1086 1764 1142 praeiudica-

1099 1158 1152 1197 to,
1173 1157 1214 1187 et
1234 1147 1460 1186 anaoritate
1476 1145 1639 1185 rumoris
1651 1145 1767 1195 (vter-

1102 1218 1180 1258 que
1198 1201 1309 1252 liher,
1330 1203 1571 1243 Adiudicatio
1590 1215 1637 1241 ex
1646 1201 1765 1241 aufto-

1104 1265 1220 1302 ritate
1240 1260 1430 1311 rumoris).
1483 1261 1532 1300 D.

1163 1329 1214 1361 12
1244 1317 1327 1357 Hoc
1350 1315 1564 1356 aduenienti
1589 1327 1682 1368 quot
1699 1315 1767 1353 mi·

1105 1374 1165 1424 hi,
1194 1373 1328 1419 Micio,
1359 1371 1540 1427 dixere2]
1574 1369 1691 1422 Quali
1712 1370 1769 1409 di-

1107 1442 1178 1476 cat,
1196 1427 1385 1482 Displicet
1402 1427 1596 1472 omnibus,
1609 1427 1770 1468 etmulti

1107 1502 1198 1528 eum
1220 1483 1406 1525 accusant.
1453 1487 1536 1525 Nec
1548 1495 1678 1524 tamen
1690 1484 1771 1522 leo·

1110 1546 1169 1584 nis
1197 1543 1380 1595 querelae
1405 1542 1555 1581 mentio
1589 1539 1641 1579 fit.
1681 1539 1772 1580 vide

1110 1611 1317 1640 oratorem.
1372 1599 1465 1643 Hoc,
1487 1608 1614 1636 autem
1634 1597 1695 1635 vel
1717 1609 1773 1635 ar-

1113 1656 1272 1701 ticulus,
1323 1654 1385 1694 vel
1423 1652 1655 1693 aduerbium
1694 1652 1773 1692 loci

1112 1711 1177 1752 est.
1234 1713 1284 1752 D.

1174 1779 1221 1821 13
1255 1767 1301 1806 In
1330 1780 1392 1806 ore
1418 1764 1465 1817 est
1493 1766 1598 1804 omni
1614 1763 1774 1819 populo]

1115 1822 1310 1866 Sallustius
1333 1823 1391 1873 (in
1413 1822 1665 1876 Fragmentis.
1711 1823 1775 1862 De

1117 1881 1310 1931 Pompeio
1330 1879 1524 1932 intelligit
1541 1874 1698 1928 Dousa),
1730 1877 1778 1916 In

1120 1952 1182 1977 ore
1200 1935 1370 1991 gentibus
1391 1948 1521 1991 agens,
1546 1934 1702 1989 populo,
1729 1936 1778 1971 ci-

1118 1996 1241 2034 uitati.
1295 1994 1343 2032 D.

1179 2062 1229 2102 14
1245 2049 1286 2088 Si
1309 2046 1564 2100 confirendum
1575 2046 1780 2098 exemplum

1121 2105 1186 2160 est]
1218 2105 1429 2157 Tanquam
1460 2117 1541 2143 non
1570 2101 1613 2141 lit
1642 2101 1780 2142 conse·

1124 2161 1307 2202 rendum·
1363 2161 1455 2199 Non
1471 2159 1639 2211 fratrem
1676 2159 1782 2198 videt

1122 2220 1178 2258 rei
1203 2218 1294 2257 dare
1321 2216 1484 2270 operam]
1513 2216 1610 2256 Satis
1631 2216 1782 2254 comice

1124 2275 1200 2315 hoe
1227 2274 1388 2314 infertur
1416 2272 1636 2326 legentibus
1670 2284 1783 2325 argu-

1125 2342 1322 2372 mentum:
1353 2342 1442 2369 nam
1462 2330 1584 2381 magis
1608 2330 1648 2371 iu
1669 2328 1783 2385 culpa

1127 2389 1192 2428 ille
1213 2384 1292 2439 ipse
1312 2385 1378 2432 est,
1398 2399 1512 2437 quem
1537 2385 1674 2427 laudat,
1701 2386 1754 2428 D.

1185 2455 1234 2496 15
1268 2443 1337 2482 Rei
1368 2442 1458 2481 dare
1487 2454 1631 2495 operam
1689 2446 1782 2486 Non

1128 2500 1262 2540 amori.
1299 2499 1368 2538 Rei
1377 2498 1464 2538 dare
1476 2443 1784 2554 operam]]Quam

1125 2556 1255 2597 facete
1273 2559 1393 2597 Poeta
1412 2555 1508 2597 haec
1530 2558 1660 2596 omnia
1678 2553 1785 2601 falsa,

1130 2623 1170 2652 et
1200 2625 1223 2651 e
1247 2614 1442 2654 contrario
1473 2612 1562 2654 facit
1592 2616 1785 2654 Demeam

1128 2668 1308 2712 credere!
1361 2670 1465 2714 Ruri
1498 2669 1578 2728 effi]
1614 2672 1649 2711 N
1655 2681 1705 2707 on
1721 2668 1786 2764 bin

1676 2738 1719 2766 vr
1749 2736 1786 2767 e.
