1891 3308
629 186 930 239 ADELPH.

1399 206 1454 256 ¹3

225 319 392 369 Parare,
414 316 536 380 quod
558 314 608 363 fit
632 317 785 369 carius,
809 331 942 379 quam
966 313 1053 379 ipse
1071 312 1131 361 est
1154 313 1263 363 fibi?

130 403 204 454 15²
226 396 364 456 Atqui
386 410 437 439 ex
454 409 526 439 me
548 393 618 439 hic
641 409 732 438 non
747 403 871 438 natus
885 390 957 444 est,
981 391 1049 436 scd
1064 409 1111 436 cx
1126 391 1270 438 fratre.
1294 393 1330 440 is
1353 394 1461 444 adeo

224 467 427 516 Diffimili
448 468 587 515 studio
610 467 669 514 est
690 470 774 513 iam
795 467 897 514 inde
922 466 973 513 ab
1001 467 1307 524 adolescentia3

224 549 323 606 Ego
344 547 456 591 hanc
480 545 738 591 clementem
758 545 890 590 vitam
913 542 1136 598 vrbanam,
1168 554 1297 607 atque
1321 549 1462 594 otium

227 624 409 670 Secutus
433 621 541 669 sum.
578 630 633 674 et',
655 619 776 684 quod
801 619 1074 667 fortunatum
1102 618 1169 666 issi
1193 632 1365 685 putant,

97 845 216 888 Ceme
230 843 383 884 Plautus
412 844 454 883 in
481 841 621 886 eodem
641 839 752 883 versu

95 912 296 952 Vtramque
331 902 522 940 rationem
563 900 753 952 expreffit.

96 959 194 998 Nam
213 956 323 997 Most.
342 971 377 1005 1,
406 969 442 1006 2,
474 969 508 999 1.
566 956 754 996 Recorda-

97 1027 157 1054 tus
176 1013 340 1063 multum,
361 1014 499 1066 inquit,
520 1027 556 1053 et
577 1014 637 1052 diu
657 1016 753 1069 cogi-

98 1073 201 1119 taui,
238 1073 538 1125 Argumentaque
572 1071 686 1110 multa
717 1073 757 1108 in

93 1128 217 1180 pec‘tus
236 1128 382 1178 institui
401 1141 478 1183 ego,
495 1141 606 1182 atque
629 1130 668 1167 in
679 1140 758 1167 cor-

98 1183 143 1223 de
163 1196 249 1222 meo,
286 1214 289 1216 >
307 1187 347 1225 Z.

160 1253 211 1291 14
239 1238 362 1295 Qcam
380 1239 453 1292 ipfi·
473 1238 622 1292 estfibi]
653 1245 760 1282 Tan-

99 1309 219 1349 quam
237 1298 317 1337 duo
335 1296 417 1337 iim.
447 1295 513 1337 sed
529 1297 602 1337 hoc
619 1301 764 1339 Poetae

102 1354 376 1393 comicolicet.
431 1357 482 1397 D,

157 1409 317 1449 Deinde
347 1409 478 1458 thefis,
517 1409 622 1461 quod
653 1409 764 1448 dicit:

105 1465 205 1519 quod
219 1467 274 1518 fit
303 1469 448 1510 carius,
489 1481 598 1519 quam
627 1467 699 1518 ipst’
718 1465 765 1517 cst

96 1521 185 1574 szi.
254 1523 375 1573 Quod
422 1520 534 1574 supra
577 1524 763 1575 Prologus

105 1580 319 1625 nunciatur,
340 1579 443 1630 quod
453 1580 673 1632 argumenti
684 1593 767 1631 par·

106 1646 184 1675 tem
210 1633 315 1674 senes
335 1636 400 1686 qui
423 1636 537 1687 primi
565 1633 669 1683 sunt,
703 1648 768 1673 ex-

107 1690 324 1744 plicabunt.
382 1694 478 1731 Nam
518 1691 633 1731 docet
661 1691 767 1743 quod

107 1749 173 1787 hic
195 1744 418 1787 adolescens
446 1749 487 1786 in
510 1748 766 1801 adoptionem

107 1803 175 1844 fibi
195 1818 214 1842 a
232 1803 346 1843 fratre
367 1804 410 1842 fit
429 1804 550 1846 datus.
608 1809 652 1846 E.

171 1873 218 1914 15
248 1861 366 1913 Atqui
386 1876 431 1901 ex
456 1876 510 1900 me
528 1861 588 1901 hic
606 1875 684 1901 non
704 1875 768 1901 na·

112 1930 173 1958 tus
202 1916 266 1971 est]
305 1917 423 1968 Quasi
459 1918 583 1967 dicat,
618 1920 676 1958 Ex
702 1931 768 1958 me

112 1987 196 2013 non
225 1973 297 2022 est,
326 1985 366 2012 et
394 1973 440 2013 fic
471 1974 637 2014 afficior:
676 1974 769 2027 quid

113 2041 266 2083 paterer
286 2028 312 2068 fi
331 2029 549 2082 genuissem
564 2029 586 2074 ‘3
626 2032 687 2071 Ex
716 2045 771 2071 me

115 2088 174 2126 hic
195 2101 268 2126 non
289 2099 398 2126 natus
420 2088 487 2142 est]
517 2087 634 2138 Quafi
655 2089 769 2137 dicar,

115 2145 203 2183 Non
227 2142 279 2181 est
302 2156 425 2184 meus.
481 2145 552 2185 Sed
562 2158 608 2182 ex
615 2144 770 2199 ῥαῖνε]

116 2202 202 2239 Hoc
229 2198 303 2248 est,
329 2199 491 2239 omnino
519 2214 602 2240 non
624 2204 774 2241 alienus

119 2255 180 2295 est.
235 2255 271 2295 Is
292 2256 400 2308 adeo]
426 2257 621 2298 Tranfitus
651 2258 700 2298 ad
719 2272 775 2297 ar·

119 2323 351 2364 gumentum
374 2310 640 2353 subtilissimus.
700 2314 777 2354 Ad·

119 2381 160 2406 eo
181 2378 247 2406 aut
264 2368 449 2421 abundat,
477 2380 540 2409 aut
560 2373 714 2411 nimium
734 2369 776 2410 fi-

119 2422 285 2476 gnificat.
324 2428 377 2465 Vt
398 2427 439 2465 in
458 2426 667 2476 Eunucho,
679 2427 776 2467 Ado-

119 2479 304 2532 (dientem
321 2482 412 2521 adeo
434 2482 603 2524 nobzlem.
658 2486 707 2524 D.

175 2538 298 2588 Atque
331 2551 378 2577 ex
403 2538 473 2587 me]
513 2537 660 2582 Charis.
689 2540 777 2582 libr.

121 2603 160 2634 2.
218 2595 258 2631 L.

176 2649 248 2686 Pro
278 2649 398 2702 Atqui
423 2651 465 2690 in
490 2653 628 2693 Faerni
663 2651 777 2693 codd.

119 2705 290 2756 antiquis
309 2716 350 2744 et
366 2706 503 2747 nostris
519 2707 712 2760 plerisque
724 2708 779 2748 est

119 2762 244 2815 Atque
261 2775 278 2805 ,·
326 2773 365 2803 et
412 2763 536 2821 iidem
584 2767 776 2808 collocant

1350 704 1465 748 on-

812 852 960 882 caetera
987 838 1058 889 fic,
1093 838 1152 881 hic
1181 854 1290 883 natus
1310 844 1384 883 n6u
1405 844 1464 897 est.v

810 898 1004 940 Chai-iiius
1035 912 1072 950 p.
1093 911 1185 953 204.
1225 927 1248 947 „
1263 903 1382 953 Atque
1397 913 1469 955 pro

810 956 896 1006 „Ea
942 957 1157 996 Terentius
1189 957 1230 994 in
1258 957 1463 1010 Adelphis.

809 1015 956 1066 „Atque
972 1027 1018 1052 ex
1037 1026 1091 1051 me
1109 1012 1169 1050 hic
1187 1025 1296 1052 natus
1316 1027 1386 1054 non
1405 1016 1464 1067 cst,

807 1070 900 1122 „fid
930 1084 975 1108 ex
993 1069 1141 1122 fratre.
1199 1069 1277 1109 Vbi
1308 1075 1467 1112 Acron:

807 1131 996 1179 ‚‚Argute‚
1010 1126 1161 1177 inquit3
1193 1140 1283 1165 narn
1296 1140 1365 1179 per
1377 1143 1471 1168 con-

807 1184 1075 1232 „iunfflonem
1098 1182 1295 1223 tramitum
1307 1184 1403 1225 fecit
1421 1185 1468 1226 ad

809 1240 1084 1280 narrationem.
1143 1242 1184 1279 Β.

870 1300 920 1340 16
950 1300 1023 1337 Pro
1049 1294 1227 1351 Dzffimili
1256 1307 1330 1337 tres
1358 1298 1472 1339 codd.

810 1364 888 1394 ant.
923 1366 1088 1405 quorum
1117 1366 1214 1391 vnus
1244 1365 1327 1406 900
1354 1370 1476 1394 anno—

813 1424 921 1457 rum,
954 1409 1102 1448 habent
1135 1410 1238 1448 recle
1263 1409 1473 1464 Dzſjimilis.

813 1469 910 1507 Nam
929 1465 977 1504 {ie
997 1464 1144 1505 Sallust.
1171 1468 1254 1519 Iug.
1277 1473 1340 1520 89,
1378 1468 1475 1507 dicit

814 1520 1011 1576 Diffimilis
1030 1520 1204 1561 moribus.
1247 1523 1386 1563 Noster
1399 1529 1478 1565 He-

816 1592 892 1619 aut,
913 1592 951 1626 v,
978 1592 1022 1631 3‚⁷
1040 1590 1099 1628 17.
1139 1576 1335 1629 confimilis
1362 1584 1477 1620 mori-

816 1635 894 1675 bus.
922 1635 1016 1673 Plin.
1045 1633 1138 1673 Hist.
1171 1646 1236 1683 νῐ,
1267 1648 1333 1689 31.
1365 1638 1478 1691 cursu

816 1705 852 1731 et
881 1692 1000 1730 colore
1034 1688 1222 1744 diffimilis.
1280 1695 1318 1733 Β.
1358 1697 1479 1736 ‘Cae-

816 1760 943 1788 terum
968 1746 1051 1799 post
1069 1746 1116 1798 est
1134 1748 1332 1796 Bentleius
1347 1749 1480 1790 distin-

818 1806 920 1858 guit:
953 1803 1056 1855 quod
1085 1816 1180 1856 opus
1209 1801 1287 1844 effe
1313 1820 1399 1846 non
1423 1822 1481 1847 ar·

817 1861 948 1901 bitror.
1007 1863 1048 1900 Z.

878 1929 929 1970 17
959 1916 1037 1971 Ego
1068 1915 1159 1954 hanc
1189 1917 1394 1960 clementem
1424 1925 1482 1959 vi-

819 1989 896 2016 tani
912 1971 1117 2027 vrbanam]
1139 1975 1230 2021 (55²9qu
1251 1974 1399 2023 &mlv-(qaas
1421 1979 1482 2016 nas*

820 2037 1017 2075 διαπίςησις.
1097 2029 1311 2071 Clementem
1349 2037 1482 2082 vitam,

819 2087 943 2142 figura
961 2082 1040 2137 ipsa
1051 2086 1226 2141 (Figura.
1252 2089 1390 2142 Ipstzm)
1420 2092 1485 2129 Vi-

822 2159 900 2185 tam
937 2143 1140 2182 clementem
1178 2145 1339 2184 dicimus
1381 2160 1484 2198 quae

825 2203 1036 2241 clementes
1063 2197 1166 2240 facit.
1224 2201 1385 2242 Clemens
1420 2217 1486 2244 au-

826 2269 905 2297 tem
930 2255 995 2303 est,
1019 2257 1084 2306 qui
1097 2258 1384 2301 colitmentem.
1415 2263 1486 2299 At-

825 2327 895 2368 que
907 2311 1044 2365 otium]
1067 2312 1185 2351 Deest
1198 2311 1396 2353 Vrbanam.
1434 2318 1484 2356 D.

880 2369 989 2410 Vide
1008 2381 1058 2406 an
1080 2369 1295 2422 legendum
1317 2371 1370 2421 fit,
1400 2371 1485 2427 Ego

825 2426 917 2466 hanc
939 2426 1141 2464 clementem
1155 2429 1275 2467 vitam
1285 2427 1487 2468 vrbanam,

829 2496 895 2536 que
933 2483 1063 2520 otium.
1110 2484 1190 2525 Cic.
1220 2488 1292 2534 Ep.
1329 2482 1485 2527 Diuers.

829 2552 904 2586 ΧΠ,
932 2550 966 2579 1.
1028 2537 1077 2576 Vt
1095 2553 1158 2592 ego
1179 2542 1323 2593 quidem
1345 2555 1382 2580 et
1393 2540 1488 2582 Vrbi

828 2610 864 2640 et
885 2598 960 2635 otio
980 2592 1178 2646 d{ffiilere7n
1198 2597 1351 2636 vrbano.
1378 2601 1419 2638 B.

887 2655 934 2699 18
967 2649 1118 2692 Secutus
1140 2651 1251 2707 fiam]
1287 2657 1395 2693 Bene
1427 2653 1491 2693 Se-

827 2720 942 2762 cutus,
963 2706 1065 2765 quasi
1081 2709 1299 2765 magistram
1309 2710 1414 2749 recffe
1426 2709 1494 2748 be-

1348 2777 1492 2818 ateque
