1875 3292
380 166 473 200 212

779 148 937 193 ACT.
974 146 1030 191 V.
1071 146 1372 193 SCEN.1X.

517 283 582 329 Vt
604 277 648 325 id
669 269 959 329 ostenderem,
993 274 1118 339 quod
1135 286 1178 323 te
1204 272 1270 322 isti
1301 274 1474 322 facilem
1495 284 1540 322 et
1562 271 1770 322 festiuum

589 420 593 424 »
620 365 758 421 PUtan
765 367 793 405 t,

422 451 486 500 30
524 430 577 480 Id
606 448 700 478 non
724 428 820 477 fieri
846 446 896 477 ex
919 444 1022 476 vera
1043 431 1144 482 vita,
1176 444 1322 492 neque
1351 426 1461 476 adeo
1481 443 1532 474 ex
1554 443 1694 492 aequo
1727 437 1771 475 et

622 506 768 554 bono:
827 529 831 536 =

525 583 610 634 Sed
623 600 673 629 ex
692 579 955 634 assentando,
983 579 1276 643 indulgendo,
1297 580 1593 641 etlargiendo,
1616 580 1774 626 Micio.

525 666 667 710 Nunc
706 660 814 706 adeo
845 657 875 704 fi
911 658 968 705 ob
1010 674 1106 705 eam
1135 674 1232 705 rem
1264 656 1390 705 vobis
1414 659 1501 704 vita
1523 673 1620 703 mea
1641 655 1777 702 inuisa

628 732 702 789 est,
734 735 967 788 Aeschine,

530 815 648 875 Quia
667 830 759 860 non
784 811 904 867 iusta,
928 808 1096 878 iniusta,
1118 809 1298 876 prorsus
1312 813 1479 865 omnia,
1498 810 1688 864 omuino
1702 807 1777 856 ob-

628 888 785 954 sequor
799 906 811 944 3

451 1107 506 1150 29
538 1093 588 1134 Vt
607 1092 648 1132 id
666 1090 904 1146 ostenderem]
926 1089 1065 1131 Abun-

399 1153 467 1194 dat
487 1149 542 1191 Id.
574 1160 639 1189 aut
657 1147 800 1192 ’ἔλλειψις
819 1147 885 1198 est,
906 1162 977 1200 pro
991 1149 1066 1189 Per

401 1210 453 1251 id.
512 1207 630 1262 Qod
666 1220 701 1246 te
727 1205 786 1257 zfli
811 1205 988 1257 facilem,
1028 1217 1067 1245 et

393 1265 573 1321 festiuom
586 1264 742 1318 putant]
762 1263 931 1304 Multum
942 1258 1069 1302 detra-

403 1325 460 1365 xit
489 1321 681 1371 Micioni,
716 1318 889 1359 dicendo
926 1318 980 1358 Te
1009 1317 1068 1370 zsti

403 1392 561 1436 putant,
599 1390 670 1433 per
698 1375 805 1429 quod
830 1373 1069 1430 significatur

406 1449 537 1478 errare
564 1431 852 1483 adolescentes,
895 1443 933 1472 et
965 1431 1070 1471 hune

406 1491 491 1535 nou
523 1489 602 1532 effe
634 1490 835 1531 festiuum.
893 1488 1010 1544 Qod
1035 1503 1071 1528 ιε

407 1550 467 1602 isti
476 1548 651 1602 fhczbm,
681 1561 715 1587 et
723 1547 901 1599 festiuom
916 1546 1071 1600 putant]

405 1611 517 1650 Bene
536 1607 578 1644 in
602 1603 797 1657 postremo
809 1603 1061 1656 dignitasper

408 1661 529 1703 sonae
548 1661 659 1700 huius
678 1657 828 1698 seruata
847 1659 913 1708 est,
933 1668 973 1697 vt
988 1672 1073 1697 non

411 1714 606 1774 perpetuo
644 1725 883 1755 commutata
928 1713 1075 1754 videre-

1652 957 1781 1009 Miss'a

1114 1105 1208 1132 meu
1240 1089 1368 1131 verbis
1397 1101 1446 1128 ex
1473 1089 1607 1129 animo
1629 1089 1782 1142 ploran-

1118 1150 1166 1188 tis
1196 1148 1414 1201 (prolatis).
1469 1148 1520 1186 D.

1171 1208 1260 1246 Duo
1294 1217 1344 1243 ex
1375 1202 1509 1242 nostris
1533 1215 1616 1242 non
1635 1199 1785 1242 habent

1117 1261 1180 1315 Ex
1191 1276 1207 1305 ;
1235 1272 1353 1313 atque
1362 1263 1539 1301 Donatus
1554 1260 1684 1299 Oxon.
1696 1253 1786 1303 Mff,

1117 1322 1245 1372 Atque
1265 1317 1505 1373 indulgendo.
1563 1317 1685 1370 Igitur
1705 1328 1788 1357 ver-

1118 1373 1180 1415 sus
1200 1372 1309 1415 causa
1329 1387 1494 1426 repono,
1516 1373 1587 1413 Sed
1608 1371 1786 1425 affiman-

1118 1433 1167 1473 do
1180 1462 1190 1481 ,
1217 1445 1328 1486 atque
1346 1430 1588 1486 indulgendo,
1615 1443 1653 1470 et
1671 1429 1787 1485 largi-

1120 1489 1212 1529 endo
1231 1501 1300 1529 etc.
1360 1491 1400 1528 B.

1177 1558 1231 1599 32
1261 1544 1390 1586 Nostri
1416 1543 1544 1585 Codd.
1573 1544 1667 1584 Mea
1701 1545 1787 1583 vita

1122 1602 1255 1652 inuish,
1280 1600 1475 1651 Aesithine‚
1503 1599 1570 1653 est:
1602 1611 1637 1639 vt
1656 1597 1787 1639 versus

1123 1656 1205 1711 ipse
1224 1659 1399 1710 postulat.
1457 1661 1499 1696 B.

1180 1727 1230 1767 33
1271 1715 1378 1770 Qia
1416 1726 1490 1751 non
1521 1709 1613 1763 iusta
1640 1709 1787 1763 iniusta,

412 1787 494 1816 tur:
527 1786 566 1815 vt
582 1772 817 1815 Truculenti
844 1770 949 1824 apud
968 1772 1074 1812 Plau-
1117 1769 1275 1824 prorstcs
1287 1771 1410 1808 onmia
1423 1771 1574 1808 omnino
1587 1766 1787 1823 obftquor]

414 1844 509 1873 tum.
566 1831 618 1871 D.

473 1889 523 1928 Vt
540 1888 582 1927 id
603 1884 842 1938 ostenderem]
872 1884 1078 1926 Nunciam

414 1946 464 1987 ad
484 1943 790 1985 declarationem
810 1943 910 1981 vitae
928 1938 1081 1981 seuten-

1125 1825 1395 1867 Prouerbiales
1433 1823 1522 1864 sunt
1566 1823 1790 1865 huiusmodi

1126 1885 1383 1931 elocutiones,
1399 1882 1527 1934 fiznda
1545 1882 1720 1934 nefanda,
1738 1882 1791 1922 di-

1125 1955 1202 1996 gna
1233 1941 1410 1994 indigna,
1437 1938 1527 1979 velis
1558 1939 1667 1978 nolis.
1722 1939 1791 1991 Ef-

417 2004 510 2043 tiam
539 2001 673 2053 (Nunc
704 2002 776 2038 iam
795 1998 846 2037 ad
861 1999 1080 2037 declaratio·
1118 1997 1289 2051 fundite,
1309 1998 1427 2044 emite,
1450 1995 1589 2050 fizcite]
1622 1993 1790 2045 Effundi-

417 2074 501 2100 nem
520 2071 628 2097 verae
644 2055 738 2109 fidae
754 2055 964 2107 sententiae
981 2056 1081 2094 redit

417 2118 498 2169 2.),
531 2114 638 2167 quod
675 2127 758 2152 non
793 2112 896 2151 reeta
922 2113 999 2151 vita
1029 2109 1083 2149 est

420 2187 490 2222 ea,
536 2183 637 2224 quae
666 2183 714 2209 ex
744 2168 918 2208 bonitate
945 2179 983 2209 et
1009 2168 1084 2206 cle-

418 2230 570 2270 mentia
581 2225 787 2281 largiendo
799 2224 956 2266 laudem
969 2237 1084 2277 quae-

421 2289 483 2335 rit,
505 2283 568 2326 sed
590 2284 655 2323 illa
673 2283 833 2332 melior,
868 2295 967 2333 quae
995 2294 1083 2334 pec-

423 2354 506 2381 cata
536 2339 810 2393 reprehendit,
844 2352 927 2378 non
960 2340 1084 2390 parcit

423 2398 661 2445 criminibus,
685 2408 724 2436 et
744 2399 811 2448 (ex
837 2397 897 2446 Z.)
927 2394 1085 2449 integri-

422 2467 499 2494 tate
518 2456 591 2502 illa,
615 2467 715 2505 quae
727 2451 1008 2492 custosdicitur.
1039 2455 1083 2492 E.

480 2523 528 2562 31
568 2510 810 2565 Indulgendo]
836 2507 1085 2550 Attendein„

421 2567 666 2619 dulgentiam
680 2581 699 2604 a
710 2571 862 2607 Demea
874 2565 1012 2616 culpae
1023 2563 1085 2603 ad-

422 2621 536 2663 scribi
575 2623 722 2661 denuo.

419 2679 561 2731 Maio]
593 2681 739 2721 Seueie
759 2678 933 2718 additum
953 2676 1006 2718 est
1017 2689 1086 2718 no-

1124 2067 1175 2104 te,
1196 2053 1244 2093 ad
1258 2050 1496 2096 Aeschinum
1519 2052 1713 2104 pertinet:
1743 2053 1788 2092 E-

1130 2113 1227 2157 mite‚
1248 2110 1295 2149 ad
1318 2108 1628 2161 Cteliphonem:
1652 2107 1792 2156 Facite,

1133 2167 1182 2208 ad
1203 2179 1352 2206 omnes.
1414 2166 1539 2205 Facite
1567 2166 1664 2218 quod
1686 2164 1793 2204 vobis

1133 2222 1249 2278 lubet]
1279 2222 1439 2275 Proprie
1457 2223 1658 2275 (Propere)
1679 2221 1794 2261 rediit

1134 2279 1261 2321 rursus
1300 2280 1348 2319 ad
1380 2280 1681 2319 amaritudinem
1701 2279 1794 2330 ,pri-

1134 2339 1286 2378 stinam.
1341 2338 1451 2376 Haec
1480 2334 1642 2382 ἐπιτροπη*
1671 2333 1727 2374 est
1753 2332 1795 2374 fi·

1134 2409 1250 2449 gura,
1277 2406 1352 2444 qua
1378 2393 1521 2432 inuitos
1548 2404 1618 2431 nos
1638 2392 1794 2443 permit-

1134 2462 1219 2491 tere
1250 2448 1514 2502 ostendimus,
1550 2447 1657 2501 quod
1683 2447 1793 2487 nolu-

1132 2520 1219 2548 mus
1238 2505 1332 2546 ficri.
1390 2508 1438 2546 D.

1189 2566 1293 2619 ,Qg‘ia
1313 2576 1388 2601 non
1408 2560 1513 2614 iusta,
1538 2559 1668 2614 iniusta
1680 2570 1797 2611 pror-

791 2623 840 2660 Et
871 2622 1080 2676 largiendO,
1123 2618 1194 2672 fias
1214 2622 1349 2666 omnia,
1368 2617 1566 2672 obfiquor]
1592 2619 1707 2656 Nunc
1727 2629 1796 2655 au-

1139 2687 1220 2718 tem
1242 2677 1286 2718 in
1314 2675 1408 2718 haec
1426 2675 1557 2718 omnia
1578 2673 1708 2726 (Nunc
1732 2685 1797 2711 au·

1725 2741 1800 2771 tem
