1875 3308
646 193 939 242 ADELPH.

1362 207 1449 258 ¹3¹

219 321 333 375 Scin'
364 325 529 374 Cratini
562 323 691 371 huius
729 323 829 370 ditis
861 319 1022 369 aedes?
1069 315 1169 368 DE.
1215 318 1314 368 scio.
1356 318 1450 368 ὃν.

317 400 391 448 vbi
420 418 488 448 eas
515 402 801 466 praeterieriS,
1276 447 1278 449 ‚

218 477 291 524 Ad
303 474 510 523 sinistram
533 477 611 522 hac
624 473 740 523 resta
752 474 912 539 platea:
935 469 1008 517 vbi
1022 470 1076 517 ad
1089 471 1253 517 Dianae
1264 474 1449 526 veneris,

218 556 288 599 Ito
324 552 377 598 ad
407 552 622 598 dextram:
670 553 792 616 prius
823 563 955 611 quarn
995 547 1048 592 ad
1083 557 1258 611 portam
1286 549 1447 602 venias,

316 628 433 692 apud
455 628 595 691 ipsum
622 627 762 674 lacum

112 718 180 766 45
219 696 503 768 Est‘pistrilla,
517 714 560 749 et
579 699 861 749 exaduorsum
880 695 940 744 est
963 696 1143 745 fabrica:
1177 696 1239 745 ibi
1259 695 1332 744 est.
1349 696 1447 746 DE.

319 778 424 842 quid
449 779 509 824 ibi
535 777 666 824 facit?

216 850 298 900 SV.
321 851 526 900 Leaulos
546 855 594 899 in
616 852 700 899 sole
720 851 864 911 ilignis
876 847 1063 915 pedibus
1078 848 1302 896 faciundos
1316 848 1448 896 dedit.

86 1075 242 1114 erratio
278 1071 332 1113 est
359 1072 577 1126 pecudum:
617 1069 742 1113 Error

83 1131 206 1169 animi
239 1128 313 1178 est,
346 1141 386 1169 et
410 1130 486 1169 loci
515 1130 556 1169 in
587 1140 665 1180 quo
686 1140 743 1167 er-

84 1197 199 1229 ratur,
255 1188 305 1226 D.

141 1254 194 1295 42
217 1241 364 1282 cratini
374 1241 479 1281 huius
493 1240 584 1280 ditis
593 1238 740 1294 aedes?]

86 1299 277 1351 Congrue
303 1310 450 1337 nomen
472 1299 630 1336 inuenit
647 1296 743 1334 diui-

87 1355 129 1393 ti.
186 1355 388 1401 Cratinus,
434 1353 503 1391 ἂπδ
540 1357 583 1391 τὲ
609 1358 742 1400 ›ceeia-ec,

85 1410 127 1449 id
148 1409 214 1458 est,
238 1422 260 1448 a
278 1411 468 1462 potentia.
526 1412 574 1450 D.

140 1477 194 1519 43
219 1467 280 1504 Ad
295 1466 480 1518 fimstram
513 1465 596 1516 hac]
625 1461 744 1504 Deest

85 1521 163 1562 Ito:
202 1520 324 1574 figura
367 1521 519 1564 ἔλλειψις.
593 1520 678 1557 Vin·-
696 1519 745 1558 ad

84 1578 238 1618 Dianae
273 1577 432 1631 veneris]
472 1578 534 1617 Sic
571 1573 744 1614 absolute

86 1633 291 1679 dicebant,
321 1646 405 1672 non
432 1631 566 1671 addito
585 1631 742 1682 Templo.

83 1689 307 1736 Sallustius,
350 1689 410 1728 Ad
436 1688 538 1728 Iouis
575 1686 744 1727 mandem

84 1744 245 1797 nostram
265 1743 418 1797 (nostra,
441 1745 539 1794 alii).
593 1746 642 1784 D.

140 1816 196 1856 44
227 1802 357 1848 Prius,
392 1814 503 1854 quam
523 1799 572 1840 ad
595 1811 743 1853 portam

85 1859 226 1907 venias]
258 1857 413 1897 Portam
423 1856 609 1907 dicendo,
620 1855 745 1894 osten-

89 1913 146 1952 dit
175 1911 291 1964 vsque
317 1912 365 1951 ad
392 1926 519 1952 muros
543 1911 745 1962 finemque

90 1970 256 2008 ciuitatis
293 1979 510 2008 erraturum
541 1970 743 2008 Demeam.

88 2027 208 2066 Pom
229 2035 359 2063 autem
378 2023 424 2063 ab
450 2035 572 2063 aratro
589 2035 742 2076 portan-

89 2080 141 2120 do
168 2080 265 2119 dieta
283 2079 356 2128 est,
391 2080 493 2132 quod
524 2081 564 2119 in
586 2092 635 2118 eo
657 2081 744 2118 loco

89 2137 270 2176 coloniae
287 2135 475 2176 dedueior
495 2147 534 2176 et
554 2135 742 2184 conditor,

90 2191 297 2232 subiunffis
315 2205 427 2232 vacca
445 2203 484 2232 et
508 2204 636 2240 tauro,
667 2205 744 2230 ara·

89 2259 202 2294 trum,
221 2260 300 2299 quo
322 2247 451 2288 vrbem
475 2248 657 2302 defigum,
676 2244 743 2286 sus-

90 2304 231 2358 pendit
247 2317 381 2343 manu:
400 2317 453 2344 ne
473 2306 664 2356 imprimat
677 2301 743 2342 sul-

89 2373 176 2407 cos,
204 2359 268 2398 vbi
291 2361 454 2400 ciuitatis
482 2361 606 2400 aditus
628 2361 744 2399 relin-

89 2415 241 2469 quendi
272 2412 367 2454 sunt.
422 2419 534 2469 Apud
556 2415 674 2468 ipsum
694 2415 745 2454 Ia-

90 2473 188 2527 cum]
221 2470 468 2513 Credibiliter
495 2471 643 2511 addidit
674 2470 745 2509 La-

91 2541 180 2568 cum.
239 2531 334 2567 Nam
356 2529 478 2566 Varro
497 2528 569 2579 (de
589 2531 628 2567 R.
651 2529 690 2568 R.
714 2540 742 2575 1,

95 2586 177 2636 13.)
195 2583 319 2628 docet,
347 2579 496 2634 semper
515 2585 637 2622 lacum
658 2596 743 2634 por-

1345 929 1450 972 DE.

791 1068 1055 1110 troeuntium:
1102 1078 1143 1109 et
1176 1078 1375 1119 praeterea
1407 1078 1451 1109 vt

791 1124 992 1167 aduersum
1013 1124 1191 1164 hostilem
1210 1127 1346 1178 ignem
1362 1139 1452 1177 por-

791 1184 839 1222 tis
892 1182 943 1221 de
993 1182 1173 1235 proximo
1222 1181 1452 1222 subuenire-

791 1250 864 1279 tur.
922 1240 972 1279 D.

846 1308 899 1348 45
929 1292 992 1346 Est
1006 1291 1182 1346 ptflrilla]
1213 1291 1454 1334 Veteresab·

792 1349 917 1390 solute
948 1349 1134 1389 dicebant
1155 1347 1370 1400 pistrinam,
1413 1361 1452 1390 vt

779 1406 985 1458 stantiam,
1013 1415 1053 1443 et
1070 1406 1302 1454 medicinam,
1332 1405 1380 1445 ad
1399 1417 1453 1445 ta·

793 1463 955 1501 bernam
984 1459 1217 1500 referentes:
1259 1474 1349 1500 nam
1376 1464 1454 1514 pri-

792 1519 890 1557 stino
902 1516 1147 1569 pristillanon
1168 1517 1364 1556 conuenit.
1405 1522 1454 1559 Et

791 1574 961 1614 simulata
980 1573 1083 1623 (Etsi
1096 1571 1231 1623 multa)
1253 1572 1452 1613 diminuti-

795 1643 844 1668 ua
872 1627 1020 1668 diuersa
1050 1625 1136 1666 sunt
1162 1641 1185 1666 a
1212 1639 1360 1679 genere
1379 1643 1452 1669 no-

789 1687 942 1724 minum
969 1683 1118 1735 primae
1151 1684 1369 1734 poiitionis:
1411 1696 1452 1725 vt

791 1741 911 1790 Rana,
923 1740 1146 1780 ranunculus
1157 1754 1171 1777 :
1193 1737 1353 1791 scutum,
1359 1740 1451 1793 scu·

793 1799 902 1839 tella.-
932 1798 1041 1842 canis,
1061 1795 1233 1834 canicula.
1287 1797 1336 1836 D.

850 1851 1029 1904 Pistriaa,
1057 1865 1094 1890 et
1121 1851 1368 1902 exaduovstcm
1383 1854 1454 1906 fi‘·

793 1908 906 1950 brica.
962 1900 1124 1948 Leaulds
1154 1910 1194 1946 in
1212 1907 1298 1958 fine
1328 1909 1452 1966 dignis

789 1965 957 2020 pedibus]
986 1967 1071 2004 Hoc
1103 1962 1175 2011 est,
1207 1963 1371 2014 pedibus
1391 1967 1452 2004 ili-

795 2024 920 2076 gneis,
943 2021 993 2060 de
1012 2021 1109 2059 ilice.
1142 2020 1209 2070 qui
1229 2020 1335 2059 locus
1356 2019 1451 2060 seni-

794 2079 865 2118 bus
887 2075 1163 2129 (coenantilms)
1194 2076 1233 2114 in
1258 2074 1336 2115 sole
1374 2075 1454 2117 effe

792 2136 914 2186 poffit.
944 2134 1017 2173 Ve1
1030 2131 1180 2184 (veluti)
1192 2131 1295 2181 quod
1308 2133 1449 2173 Cicero

793 2191 888 2230 dixit
898 2197 986 2242 (pro
999 2189 1138 2238 Quint.
1155 2190 1236 2238 18.)
1249 2188 1452 2242 Nunquam

792 2248 842 2287 ad
855 2247 1039 2298 solarium
1055 2245 1152 2295 fuit.
1209 2246 1253 2283 E.

847 2301 909 2353 Est
920 2300 1096 2355 pistrilla]¹
1121 2295 1352 2341 Cliari[1.1.
1380 2303 1423 2347 L,

847 2357 945 2397 Illud
979 2354 1039 2406 Est
1076 2354 1245 2392 lecundo
1275 2356 1361 2394 loeo
1388 2356 1454 2396 de-

792 2414 915 2452 leatur
933 2425 981 2451 ex
1002 2412 1136 2450 Faerni
1158 2408 1454 2464 nostrorumque

792 2470 920 2512 Codd.
938 2468 1159 2508 aneton-itate
1173 2469 1356 2508 omnium.
1384 2473 1423 2509 B.

848 2529 903 2579 46
943 2522 1115 2564 Lec‘lulos
1140 2524 1178 2561 in
1204 2522 1288 2572 sble
1323 2525 1452 2580 ilignis

794 2581 950 2635 pedibus
965 2578 1171 2630 fizciundos
1188 2579 1305 2622 dedit]
1337 2584 1378 2620 ln
1399 2594 1454 2619 vr-

92 2641 142 2678 tis
172 2640 368 2679 additum:
400 2636 541 2678 scilicet
567 2640 617 2678 ob
645 2637 751 2678 vsum
802 2641 850 2677 be
871 2637 1105 2680 conuiuium,
1140 2644 1203 2672 aut
1225 2638 1262 2675 in
1283 2634 1369 2684 sole,
1391 2647 1455 2675 ant

85 2694 359 2736 iumentorum
387 2696 613 2736 exeuntium
631 2706 672 2738 et
694 2697 753 2736 in-

801 2695 844 2735 in
866 2693 1008 2737 vmbra,
1025 2703 1097 2744 pro
1117 2689 1345 2732 conditione
1365 2705 1456 2731 tem-

918 2751 933 2788 1
966 2760 993 2791 2
1355 2749 1459 2801 poi-iu
