1875 3308
615 204 906 264 ADE'LPH.

1373 216 1441 276 43³

211 350 354 410 Coges
390 346 493 394 me?
542 343 644 393 ΛΕ.
685 346 880 394 minime.
916 340 1015 389 SA.
1053 358 1242 406 namque
1276 333 1321 389 it]
1353 359 1440 389 me-

307 425 387 471 tui.
425 423 525 468 ΑΕ.
566 438 709 484 neque
729 419 1009 468 vendundam
1030 419 1194 472 censeo,

107 518 174 564 40
211 503 336 556 Quae
369 493 572 547 libera'st:
606 514 706 562 narn
726 513 809 558 ego
831 496 999 543 liberali
1021 495 1139 541 illam
1165 491 1300 541 assero
1324 493 1443 540 causa

308 592 455 622 manu.

210 656 348 700 Nunc
383 650 508 703 vide,
555 660 700 697 vtrum
732 649 822 704 vis-3
869 657 1101 708 argentum
1135 648 1356 712 accipere,
1391 661 1448 692 an

310 726 474 773 causam
498 725 694 772 meditari
718 735 853 770 tuam.

213 802 420 851 Delibera
442 802 549 854 hoc,
584 801 689 847 dum
712 815 795 860 ego
817 797 964 851 redeo,
984 798 1101 845 leno.
1143 795 1237 845 SA.
1276 813 1362 862 pro
1385 794 1450 841 su·

310 894 463 944 preme
487 876 711 942 Iuppiter!

136 980 253 1022 Reete
273 977 346 1019 tibi
368 976 452 1032 post
469 990 615 1018 tantum
635 976 740 1017 abest

83 1037 125 1077 in
153 1037 289 1076 Faerni
317 1035 494 1087 optimis,
530 1046 571 1074 et
603 1033 740 1073 nostris

85 1092 269 1132 omnibus
294 1091 388 1131 libb.
447 1093 546 1131 Nam
575 1091 628 1131 est
656 1103 740 1131 ver-

83 1146 144 1190 sus
167 1150 394 1189 octonarius.
455 1148 496 1186 B.

140 1217 192 1258 39
222 1204 399 1258 Minime]
431 1209 592 1250 Eleas-asur.
625 1201 745 1242 Nam·

85 1274 156 1314 que
192 1261 230 1300 id
247 1261 398 1314 2metui]
438 1265 583 1307 Εἰςωνείαι
613 1271 745 1298 contu-

87 1331 175 1357 max
195 1328 233 1356 et
251 1316 412 1356 ridicula
431 1317 471 1355 in
491 1329 538 1355 eo
552 1314 746 1368 quodiam

89 1372 209 1412 amifit
231 1373 283 1421 id,
305 1372 355 1412 de
375 1385 452 1424 quo
473 1372 571 1411 dixit
598 1370 637 1412 se
657 1372 746 1425 cogi

89 1443 172 1469 non
200 1426 318 1482 posse.
376 1432 426 1469 D.

143 1498 199 1538 40
237 1485 337 1525 Nam
374 1497 437 1539 ego
469 1480 570 1522 illam
606 1481 748 1522 liberali

91 1542 204 1594 affero
243 1540 348 1593 cauJb
383 1544 508 1591 manu]
547 1539 652 1578 Ordo
683 1538 748 1586 est,

90 1599 172 1652 Ego
201 1596 344 1634 liberali
372 1595 475 1645 causa
496 1608 605 1634 manu
625 1594 750 1646 asfiro.

91 1658 140 1696 Et
164 1651 252 1692 sunt
280 1653 370 1691 iuris
397 1650 531 1691 verba:
561 1666 582 1690 a
609 1650 750 1703 quibus

92 1710 209 1750 etiam
236 1709 438 1761 Affinores
463 1707 643 1746 dicuntur
671 1707 751 1746 vin-

94 1765 199 1805 dices
228 1766 380 1804 alienae
400 1763 593 1803 libertatis.
650 1765 751 1802 Nam

95 1833 134 1863 et
152 1819 265 1864 causa⁴
279 1818 381 1873 ipsa,
410 1818 575 1859 liberalis
596 1819 747 1867 dicitur,

95 1891 194 1929 quae
221 1878 413 1916 afflonem
442 1876 485 1915 in
514 1873 553 1915 se
575 1876 751 1915 continet

95 1934 302 1974 libertatis:
345 1935 393 1974 D.
448 1937 462 1944 χ

155 1990 256 2028 Nam
279 2003 343 2045 ego
375 2002 433 2028 am
462 1985 604 2027 liberali
620 1987 750 2041 caufh]

98 2044 262 2087 Liberali
290 2058 407 2085 manu
446 2044 560 2093 dicit,
604 2055 642 2083 vt
666 2045 750 2084 eius

102 2100 274 2141 ostendat
294 2101 522 2140 libertatem.
580 2104 624 2142 E.

789 2102 941 2156 super‚·
989 2098 1054 2139 alii
1087 2097 1276 2150 superior.

1316 873 1450 918 Mini-

790 975 844 1016 ’ἔτι
863 973 1020 1026 ›capris-siv
1036 973 1153 1018 διδῶςε
1181 973 1265 1012 *Ero
1282 972 1353 1020 γᾰςι
1387 976 1451 1011 ἐςῖν

790 1040 808 1077 ἦ
835 1039 909 1077 ταῖς
929 1038 1092 1076 ἀληθείαις
1119 1032 1301 1077 ἐλευθερία.
1332 1041 1451 1079 quem

793 1091 924 1130 locum
965 1100 1095 1139 neque
1131 1086 1234 1126 reete
1260 1082 1452 1124 affecutus

792 1145 847 1186 est
874 1147 1081 1196 interpres,
1115 1153 1156 1182 vt
1191 1154 1229 1182 et
1256 1144 1454 1182 Heruetus

795 1204 902 1244 illurn
963 1199 1181 1244 Clementis
1239 1196 1451 1239 Alexandr.

795 1261 971 1301 Stromat,
1005 1256 1071 1296 lib.
1103 1268 1139 1309 5.
1175 1252 1222 1292 ⁷:4⁸
1250 1252 1305 1293 310}
1331 1258 1455 1291 δικαιο-

795 1314 890 1359 σύνην
927 1319 1034 1353 ἐκεῖνα
1068 1309 1160 1361 ζυγὲ
1199 1311 1258 1348 καὶ
1291 1315 1451 1357 heodem,

796 1377 974 1418 καρπισμοί
1001 1386 1040 1407 τε
1060 1376 1114 1406 καὶ
1134 1373 1171 1404 αἱ
1190 1369 1253 1403 τῶν
1275 1364 1362 1403 ὤτων
1391 1371 1457 1403 ἐπί-

796 1433 933 1472 ψαυσεις
965 1437 1036 1466 etc.
1093 1427 1204 1464 Bene
1243 1433 1371 1462 autem
1413 1422 1456 1460 in

797 1480 955 1524 Gloss‘ar.
980 1478 1164 1528 κκςπισμδς
1190 1476 1376 1523 ὐἱηάὶἑῖω
1404 1476 1460 1528 “f

786 1541 925 1592 finio,
956 1539 1051 1577 inde
1069 1540 1247 1581 ›exeas-mim,
1275 1535 1458 1575 vmdiciae

798 1592 1223 1647 ficwtdumlibertatem.
1277 1595 1317 1632 L.

855 1664 910 1702 42
940 1652 1015 1689 t’ro
1033 1648 1206 1701 supreme
1235 1645 1458 1699 Iuppiter!]

800 1711 908 1749 Haec
937 1706 1083 1746 locutio
1111 1702 1159 1742 ad
1196 1701 1272 1741 hoc
1302 1702 1460 1742 indueta

801 1763 876 1812 est,
910 1774 949 1802 vt
968 1773 1008 1802 et
1026 1760 1151 1800 verbis
1168 1759 1324 1798 lenonis
1344 1772 1462 1810 appa-

799 1831 882 1860 reat
901 1833 1018 1871 quam
1039 1816 1153 1856 facile
1167 1815 1270 1854 mitis
1280 1813 1364 1857 fieri
1378 1812 1461 1866 pos-

799 1876 861 1926 fit,
888 1886 928 1915 et
947 1873 1099 1926 quiduis
1124 1871 1295 1910 libenter
1312 1872 1462 1922 accipe-

800 1945 855 1973 re.
920 1931 996 1973 Pro
1026 1929 1196 1982 stapreme
1239 1927 1458 1981 Iuppiter!]

801 1989 1012 2042 Supremam
1035 1998 1137 2025 nunc
1149 1984 1239 2023 diest
1258 1981 1460 2024 summum.

801 2045 849 2085 ab
877 2058 926 2084 eo
952 2042 1058 2096 quod
1089 2040 1141 2082 est
1157 2039 1349 2093 ficperium
1372 2040 1460 2091 (alii

1344 2097 1372 2135 F
1376 2106 1461 2134 orte

156 2156 319 2197 Liberali
346 2156 443 2196 illam
471 2155 601 2209 affero]
632 2159 676 2196 In
702 2160 752 2197 V.
791 2157 992 2211 staperum)
1022 2165 1061 2193 et
1073 2154 1247 2205 fiaperius
1270 2150 1311 2191 fit
1328 2152 1461 2203 fiepre-

99 2214 146 2254 C.
193 2213 440 2254 Pithoeorum
483 2212 649 2252 Liberali
694 2226 754 2251 am

100 2268 221 2322 affiro.
255 2269 454 2322 quomodo
483 2270 599 2308 etiam
620 2270 661 2309 in
680 2271 755 2309 Eu-

101 2324 274 2380 graphio.
332 2329 403 2366 Am
442 2326 560 2379 igitur
592 2327 754 2376 antique

101 2381 156 2421 est
166 2396 252 2429 eam,
265 2381 476 2429 vtImeum,
496 2381 612 2420 αὐτ-δν.
649 2378 755 2421 Glos-

101 2435 167 2477 sar.
196 2436 289 2476 Fest.
326 2448 366 2477 er
393 2450 469 2477 κη.
487 2436 613 2480 Tabb,
652 2436 754 2476 Libe-

103 2494 179 2532 rali
198 2506 307 2532 manu
329 2492 486 2545 affirere,
514 2493 553 2532 id
573 2492 638 2539 est,
663 2494 757 2533 libe-

101 2550 168 2589 rali
202 2549 345 2588 iudicio
374 2548 560 2589 natalibus
587 2550 757 2589 restitue-

102 2618 162 2651 re,
207 2609 442 2653 καρπίζεσθαι.
498 2609 548 2646 Et
577 2607 756 2659 Assertor,

101 2662 265 2710 vindex,
299 2659 473 2706 κκρπιςῆς.
530 2664 679 2702 Arrian.
714 2663 755 2700 in

101 2719 263 2769 Epiaet.
293 2731 354 2765 111,
384 2719 447 2759 26.
477 2715 523 2762 μὴ’
550 2718 601 2755 ὅτι
628 2729 757 2764 φιλοσο-

102 2781 177 2815 Φεῖς
199 2773 278 2826 [ἒς-ω
306 2772 460 2819 ᾧοςτικδν
481 2772 522 2810 τὸ
543 2773 659 2831 trouu]
682 2773 758 2814 ἄλλ’

84 2853 102 2860 κ

803 2228 908 2254 mum.
968 2212 1078 2263 Virg.
1101 2213 1225 2262 (Aen.
1245 2221 1323 2256 vn,
1343 2209 1461 2258 220.)

802 2295 858 2303 —
891 2283 958 2309 rex
987 2267 1061 2319 ipse
1080 2266 1179 2305 Iouis
1205 2266 1248 2304 de
1270 2263 1463 2317 gentesu.

798 2339 951 2380 prema,
985 2324 1119 2364 Troius
1139 2323 1277 2360 Aeneas
1308 2334 1373 2360 tua
1395 2334 1462 2359 7105

802 2383 854 2422 ad
883 2382 1010 2422 limina
1044 2376 1155 2430 mtfit.
1211 2380 1259 2417 Et
1285 2390 1367 2416 non
1395 2377 1461 2414 ab·

804 2439 933 2478 horret
951 2451 972 2475 a
992 2432 1155 2487 persona
1175 2444 1212 2472 et
1233 2432 1393 2485 plebeii,
1408 2428 1463 2471 ἶεἰ

805 2495 981 2539 lenonis,
1011 2502 1050 2530 et
1080 2491 1156 2529 vim
1173 2490 1263 2542 passi
1281 2519 1291 2537 ,
1326 2491 1464 2529 Iouem

805 2549 927 2603 ipsum
959 2548 1140 2586 conuicio
1176 2543 1373 2597 persequi,
1423 2555 1464 2583 rt

806 2606 980 2659 quotidie
1010 2602 1182 2642 videmus
1221 2601 1268 2642 ab
1298 2601 1465 2641 homini·

805 2664 878 2702 bus
891 2663 972 2700 eius
991 2660 1064 2699 loci
1077 2669 1115 2700 et
1126 2657 1271 2697 ordinis
1284 2657 1378 2698 fieri.
1410 2661 1463 2697 D.

856 2719 962 2760 Dum
990 2729 1056 2774 ego
1095 2712 1222 2762 redeo]
1264 2712 1465 2807 Conclu?

1407 2783 1420 2807 ²
1451 2798 1463 2820 ›
