1875 3292
377 210 469 262 118

766 209 926 258 ACT.
955 210 1035 258 IV.
1066 209 1188 256 SCE
1207 211 1270 257 N.
1298 210 1333 258 1.

515 337 576 386 Et
595 335 705 385 illud
723 355 799 386 rus
821 338 941 386 nulla
963 339 1042 386 alia
1061 338 1181 387 causa
1199 349 1289 386 tam
1305 336 1418 386 male
1441 335 1529 392 odi,
1548 331 1626 384 nifi
1648 335 1748 401 quia

615 410 810 479 proPe'st
823 428 836 462 t

527 489 665 544 Quod
686 488 716 536 fi
739 487 896 538 abesset
915 491 1108 551 longius,

519 566 648 614 Prius
670 582 757 613 nox
786 564 1053 633 oppreffiss'et
1076 567 1178 619 illic,
1200 581 1333 630 quam
1351 564 1439 613 huc
1463 565 1631 612 reuorti
1659 561 1754 628 pos-

621 639 681 688 set
701 644 877 690 iterum.

433 733 494 768 10
527 720 666 764 Nunc
693 717 769 765 vbi
791 735 862 766 me
880 719 966 769 illic
994 736 1088 767 non
1109 717 1295 771 videbit,
1333 720 1420 769 iam
1439 716 1528 764 huc
1547 724 1756 768 recurret,

628 792 687 840 sat
724 793 823 841 scio.

527 868 753 929 Rogitabit
781 886 877 923 me.
907 869 982 918 vbi
1011 870 1198 927 fuerim3
1234 886 1369 934 quem
1397 885 1482 931 ego
1512 867 1646 916 hodie
1666 877 1761 915 toto

628 961 721 992 non
746 945 836 993 vidi
860 946 944 996 die.

535 1020 660 1075 Quid
692 1017 866 1073 dicam?
904 1018 992 1068 SY.
1025 1021 1194 1069 nihilne
1225 1024 1271 1068 in
1306 1032 1501 1069 mentem
1525 1016 1618 1072 est?
1654 1015 1771 1068 CT.'

634 1112 864 1163 nunquam
887 1099 1136 1167 quicquam.
1170 1094 1201 1146 S
1217 1111 1265 1149 Y.
1303 1107 1426 1146 tanto
1451 1098 1655 1163 nequior.

461 1327 491 1372 7
522 1315 577 1357 Et
593 1316 686 1358 illud
702 1331 767 1359 rus
785 1318 885 1360 nulla
894 1321 969 1360 alia
984 1333 1069 1361 cau-

398 1372 449 1428 Jc'z
468 1388 544 1414 tam
562 1376 654 1415 male
672 1377 752 1430 odi]
777 1377 880 1417 Mire
892 1377 1069 1425 ostendit,

407 1432 544 1470 omnia
573 1444 622 1471 ex
652 1432 800 1472 deliffis
828 1433 869 1472 in
907 1447 1070 1485 prauum

409 1488 532 1527 verti:
562 1487 662 1526 adeo
690 1500 727 1528 vt
758 1486 934 1529 miseram
961 1500 1071 1540 putet

410 1541 637 1582 adolescens
656 1542 910 1584 suburbanam
924 1547 1071 1586 villam:

412 1611 493 1650 qua
512 1612 555 1638 re
575 1602 714 1639 caeteri
736 1600 988 1640 delechmtnr.
1028 1604 1072 1642 ll-

414 1654 483 1694 lud
502 1667 597 1707 ergo
619 1664 801 1706 tanquam
819 1661 954 1704 (TAM
984 1669 1073 1696 ΜΛ-

411 1712 506 1760 LE)
546 1723 633 1748 cum
668 1710 922 1751 detestatione
957 1712 1068 1751 dixit.

415 1776 457 1806 et
475 1765 590 1813 Male,
615 1777 653 1805 et
671 1766 755 1818 (cst)
778 1769 917 1815 Nimis,
937 1779 976 1806 et
995 1767 1074 1807 Mi-

401 1821 502 1874 fire.
558 1823 655 1862 Nam
673 1822 854 1872 Nimium,
875 1834 914 1862 et
930 1825 1073 1864 malum

412 1877 674 1929 miserumque
695 1878 769 1926 est;
794 1877 1007 1920 secundum
1033 1882 1075 1919 il-

413 1936 494 1977 lam
529 1933 779 1985 sementiam,
819 1937 878 1977 Ne
908 1937 998 1990 quid
1021 1939 1075 1976 ni-

417 1994 500 2033 mis.
559 1994 610 2032 D.

475 2055 501 2096 8
538 2046 656 2103 Qod
678 2047 724 2100 st
748 2046 876 2100 abeffct
911 2049 1076 2104 longius]

418 2106 557 2146 Amori
578 2106 712 2159 magis,
732 2118 846 2158 quam
866 2106 920 2146 rei
941 2104 1078 2146 consu·

417 2162 465 2201 lit
488 2158 721 2201 adolescens.
777 2163 826 2202 D.

478 2218 553 2257 Hic
577 2215 706 2257 versus
734 2217 797 2257 est*
812 2217 1001 2257 lambiens
1025 2218 1078 2257 di-

420 2284 557 2314 meter.
612 2274 722 2314 Sicut
747 2275 854 2325 prior
871 2275 925 2314 est
943 2275 1079 2316 lambi-

423 2343 490 2369 cus
510 2331 735 2369 ostonarius.
793 2333 832 2370 Β.

478 2400 505 2437 9
538 2387 680 2426 Iterum
697 2388 837 2426 reuerti
856 2401 937 2426 non
958 2387 1011 2425 est
1027 2384 1083 2427 bis

426 2446 585 2489 reuerti,
628 2444 693 2494 qui
719 2443 771 2481 est
800 2445 1082 2489 er1·01·F:1erni;

426 2495 492 2537 scd
512 2498 667 2543 vetusto.
700 2513 768 2550 pro
788 2498 1011 2551 {impliciter
1029 2513 1083 2538 re-

428 2554 523 2592 dire.
580 2557 629 2594 Vt
649 2554 755 2606 supra
781 2567 812 2604 1,
838 2569 864 2603 1,
890 2558 954 2609 46.
983 2558 1082 2596 Eun.

427 2620 492 2655 lv,
513 2621 550 2657 2,
570 2613 607 2652 6.
663 2612 703 2649 B.

489 2675 539 2705 10
567 2665 644 2705 Iam
655 2666 720 2705 huc
731 2681 904 2715 recurret,
915 2667 1084 2723 fuſsio]

1607 1171 1770 1226 Cliens,

1115 1332 1155 1361 vt
1180 1321 1264 1362 eius
1286 1319 1506 1361 instantiam
1535 1317 1773 1359 demonstra-

1117 1388 1187 1418 ret.
1242 1383 1294 1421 D.

1176 1446 1223 1477 11
1254 1433 1329 1476 Etsi
1359 1430 1492 1474 Bemb.
1528 1429 1645 1470 habet
1663 1429 1782 1484 Rogi-'

1120 1489 1240 1531 tabit:
1291 1487 1418 1529 versus
1459 1493 1590 1528 tamen'
1639 1486 1775 1538 probat

1121 1546 1247 1589 Codd.
1271 1545 1488 1586 nostrorum
1509 1556 1548 1584 et
1563 1543 1662 1585 Izdd.
1682 1553 1774 1583 vett.

1121 1602 1296 1657 Rogabit.
1353 1605 1454 1642 Nam
1486 1614 1572 1640 cum
1611 1598 1684 1640 Vbi
1720 1610 1780 1638 ac·

1124 1669 1281 1697 centum
1311 1658 1372 1696 hic
1400 1655 1542 1695 habeat
1563 1657 1603 1694 in
1633 1653 1778 1707 syllaba

1122 1714 1272 1764 priore:
1308 1711 1378 1752 Vbi
1393 1711 1465 1762 fiae
1492 1711 1545 1750 est
1565 1707 1781 1763 proceleus-

1122 1770 1294 1817 maticus,
1332 1768 1482 1820 Dac'lyli
1523 1777 1673 1818 tempus
1713 1766 1780 1805 ha-

1121 1824 1242 1871 bens;
1270 1834 1311 1863 et
1328 1825 1424 1863 irato
1446 1824 1624 1877 apprime
1639 1835 1783 1863 conue-

1122 1883 1180 1921 nit
1202 1879 1335 1932 rapide
1353 1880 1476 1933 loqui.
1533 1883 1574 1920 Β.

1184 1948 1234 1979 12
1262 1936 1420 1977 Nihilne
1440 1939 1478 1975 in
1499 1949 1653 1975 mentem
1679 1933 1782 1992 est2]

1125 1994 1186 2034 Sic
1198 1993 1269 2032 hoc
1280 1992 1549 2045 accipiendum
1564 1991 1626 2041 est,
1644 2002 1681 2032 vt
1692 1991 1785 2032 ado-

1127 2047 1285 2090 lescenti
1315 2049 1439 2088 libero
1461 2048 1646 2088 malitiam
1672 2059 1785 2100 pute-

1127 2119 1231 2155 mus,
1270 2119 1352 2145 non
1381 2103 1608 2157 sapientiam
1629 2101 1784 2145 deeffe:

1128 2162 1228 2202 adeo
1251 2163 1290 2201 in
1311 2160 1381 2200 hac
1400 2173 1441 2200 re
1458 2161 1639 2213 magister
1649 2160 1702 2200 est
1713 2157 1786 2201 ser·

1128 2231 1209 2258 uus.
1267 2219 1466 2271 Nunquam
1483 2217 1698 2271 quicquam]
1716 2229 1788 2257 na-

1131 2282 1262 2323 ςέλκον,
1297 2287 1367 2325 pro
1397 2287 1604 2327 nunquam:
1642 2273 1681 2313 id
1715 2273 1784 2320 est,

1131 2345 1224 2372 non.
1290 2332 1414 2371 Tanto
1433 2331 1607 2384 nequior]
1636 2330 1698 2370 Sic
1712 2329 1789 2369 hoe

1133 2387 1275 2427 dmum
1296 2385 1360 2435 est,
1383 2396 1422 2425 vt
1441 2399 1463 2425 e
1482 2385 1675 2427 contrario
1694 2386 1789 2426 dici·

1131 2456 1228 2492 mus,
1256 2443 1376 2483 Tamo
1400 2443 1543 2482 melior.
1601 2445 1650 2483 D.

1187 2499 1437 2550 Optimorum
1462 2499 1648 2538 libromm
1667 2496 1722 2536 est
1747 2498 1789 2536 in

1133 2568 1287 2595 mentem
1305 2554 1361 2606 est.
1416 2555 1572 2596 Caeteri
1594 2554 1716 2602 male,
1747 2555 1791 2593 in

1133 2624 1250 2651 mente
1270 2611 1330 2664 est.
1387 2612 1492 2652 Vide
1510 2623 1581 2649 nos
1599 2609 1646 2649 ad
1661 2611 1793 2649 Heau-

1135 2678 1279 2717 tont.v‚
1300 2681 1337 2713 2,
1357 2667 1422 2722 33.
1460 2671 1577 2708 Porro
1597 2678 1664 2716 pro
1678 2665 1794 2704 Nun-

428 2721 533 2764 Mire
553 2721 603 2764 de
630 2720 746 2776 sene,
771 2723 954 2785 Recurm·
975 2724 1081 2777 dixit,
1132 2737 1241 2781 quam
1286 2725 1380 2780 lege
1424 2720 1627 2780 Nusquam.
1691 2724 1792 2763 Nam

1690 2778 1795 2835 Nua-
