1827 3180
644 205 995 253 PHORM10.'

1371 221 1465 266 447

157 353 220 390 20
254 341 316 387 Ita
336 337 534 405 plerique
558 336 736 396 ingenio
759 333 902 381 sumus
923 346 1102 387 omnes,
1130 329 1284 381 Nostri
1305 331 1470 380 nosmet

347 424 560 479 poessltet

254 487 366 538 AN.
407 493 466 535 At
496 500 545 535 tu
573 485 680 533 mihi
716 495 865 534 contra
893 501 1011 532 nunc
1034 481 1181 532 videre
1210 482 1468 539 fortunatus,

348 563 568 616 Phaedria,

254 641 338 688 Cui
358 639 410 686 de
432 642 602 700 integro
626 634 685 684 est
702 635 886 704 potestas
910 637 1037 683 etiam
1058 633 1340 688 consulendis
1363 633 1470 699 quid

350 715 479 770 vehs3

254 790 478 842 Retinere,
510 805 674 843 amare,
705 789 922 836 amittere:
958 802 1042 850 ego
1062 787 1110 835 in
1130 800 1234 834 eum
1254 784 1386 834 incidi
1407 786 1471 832 in·

350 864 450 912 felix
469 864 628 919 locum,

180 1084 250 1124 Pro
280 1083 328 1125 Et
348 1081 389 1136 fi=
411 1081 533 1124 Bentl
565 1094 651 1122 cum
689 1081 772 1123 aliis

126 1140 247 1180 edidit
294 1139 442 1236 Qods.
523 1137 662 1181 Sensus
716 1138 771 1179 est

129 1197 243 1237 idem.

178 1319 232 1349 20
261 1306 320 1346 lta
342 1306 508 1361 plerique
536 1308 681 1363 ingenio
703 1303 771 1358 fic

125 1376 205 1403 mus
235 1377 374 1412 onmes,
398 1364 512 1415 nostri
531 1364 667 1415 nosmet
691 1375 772 1415 poe-

125 1420 239 1473 nitet]
289 1427 453 1463 naekmov
488 1421 655 1459 tertium.
727 1421 771 1458 In

125 1476 296 1523 Andria,
332 1476 445 1529 Qod
468 1474 627 1528 plerique
654 1487 772 1512 omnes

118 1533 270 1585 faciunt
291 1531 554 1582 adolescentuli.
582 1542 620 1569 et
640 1531 692 1570 est
717 1535 772 1575 ἀρ-

128 1586 296 1633 χαῐσμόςε
335 1599 392 1633 vt,
420 1588 557 1626 Accede
583 1588 637 1626 ud
657 1589 772 1640 ignem

129 1643 240 1690 hunc,
276 1645 348 1681 iam
382 1642 526 1691 calefiet
552 1643 632 1694 plus
659 1641 770 1691 finis.

127 1698 258 1751 Nostri
276 1697 413 1749 nosmet
423 1698 604 1751 poenitet]
634 1697 772 1737 Poeni-

129 1763 185 1795 tet
205 1767 303 1802 eum,
333 1754 398 1804 qui
418 1767 550 1805 parum
571 1762 688 1805 putat.
718 1764 774 1791 er-

130 1823 180 1864 go
207 1808 271 1861 ipfi
293 1821 374 1858 nos,
396 1810 532 1861 inquit,
552 1809 674 1848 nostra
686 1821 775 1846 con·

131 1867 349 1904 temnimus.
403 1866 465 1906 Sic
494 1876 533 1905 et
563 1866 603 1903 in
632 1867 774 1903 Heaut.

131 1924 183 1960 At
202 1923 295 1958 enim
315 1920 373 1958 hic
388 1920 498 1968 dices,
524 1934 578 1959 me
602 1932 776 1974 quantum

133 1975 190 2015 In'c
209 1977 326 2028 operis
342 1974 415 2026 fiat
427 1979 599 2030 poenitet.
659 1979 708 2017 D.

193 2083 325 2136 Nostra·
351 2084 485 2138 nosmet
505 2083 684 2139 poenitet]
716 2083 778 2127 Ci-

135 2153 222 2180 cero
243 2142 306 2179 lib.
324 2154 381 2181 vt.
401 2141 515 2193 Epist.
538 2155 564 2181 1.
586 2142 631 2181 ad
645 2142 774 2181 famil.

134 2199 226 2238 Suae
249 2209 418 2249 quemque
425 2198 606 2248 sbrtunae
625 2199 780 2235 maxime

131 2255 305 2305 poenitet.
371 2251 492 2291 Publii
532 2253 617 2304 Syri
657 2250 781 2290 versus

137 2308 240 2359 apud
261 2307 479 2347 Saluianum
498 2305 571 2345 huc
591 2308 781 2357 pertinet.
773 2321 781 2327 ·

138 2363 264 2402 Aluna
294 2363 415 2407 nobis,
453 2361 574 2424 nostra
596 2364 676 2413 plus
702 2361 784 2398 aliis

135 2420 287 2474 placent.
347 2418 456 2458 Plura
480 2419 519 2455 in
534 2430 620 2457 eum
639 2414 782 2455 sensum

141 2473 240 2525 apud
261 2475 459 2514 Horatium
479 2472 540 2511 lib.
553 2485 580 2512 ι.
615 2474 734 2525 Saty.r
757 2483 783 2510 ι.

142 2530 241 2569 Gen.
270 2529 369 2567 ηοξὶ.
387 2530 501 2570 Attic.
532 2528 596 2568 lib.
615 2542 676 2567 xx.
705 2540 785 2579 cap.

198 2640 325 2680 Placet
350 2637 462 2685 ordo,
491 2650 604 2690 quem
624 2638 720 2680 Cod.
740 2639 785 2679 C.

146 2695 192 2736 C.
211 2695 380 2739 exhibet,
411 2695 471 2734 In
489 2694 647 2748 plerique
665 2707 786 2736 omnes

1411 938 1476 985 Vt

810 1083 954 1137 sumus
991 1082 1153 1137 ingenio,
1207 1078 1273 1123 Cf.
1299 1079 1402 1122 And
1435 1071 1473 1128 ιζ

820 1153 854 1188 1,
873 1148 938 1190 28.
998 1142 1039 1178 B.

875 1208 923 1238 21
952 1196 1005 1235 At
1022 1206 1063 1234 tu
1081 1188 1322 1247 fortunatus]
1349 1170 1473 1231 Reno

821 1262 880 1291 cat
920 1252 1247 1303 comparationem
1279 1247 1472 1298 Antipho,

820 1319 859 1347 et
877 1305 971 1347 haec
992 1303 1099 1345 causa
1119 1308 1185 1355 (ex
1203 1305 1267 1342 hac
1286 1303 1388 1362 causta
1405 1304 1473 1354 Z.)

821 1374 860 1402 vt
884 1364 1085 1403 meliorem
1104 1352 1399 1410 felicioiemque
1417 1359 1474 1397 di-

823 1430 880 1457 cat
899 1418 1146 1465 Phaedtiam‚
1176 1416 1281 1467 quod
1308 1415 1348 1453 in
1367 1424 1477 1466 pote-

821 1474 914 1513 state
944 1473 1080 1513 habeat
1107 1484 1263 1511 omnem
1285 1469 1477 1509 consulta-

821 1532 979 1577 tionem,
1002 1540 1124 1568 vti-um
1141 1528 1233 1566 velit
1242 1527 1411 1576 mittere,
1422 1538 1474 1565 an

821 1599 913 1626 vero
932 1577 1113 1626 retinere.
1167 1586 1212 1624 E.

873 1705 928 1737 22
961 1695 1033 1734 Cui
1058 1693 1103 1734 de
1128 1692 1274 1748 integro
1308 1690 1355 1744 est
1368 1702 1475 1745 pote·

813 1750 904 1803 stas]
944 1750 1046 1796 Post,
1079 1748 1275 1800 deinceps.
1333 1753 1397 1789 An
1431 1749 1476 1788 de

823 1813 982 1862 integro,
1006 1806 1044 1845 id
1063 1804 1125 1851 est,
1154 1803 1315 1857 integris
1333 1804 1476 1845 rebus?

823 1863 924 1916 Qid
938 1862 1047 1902 velis.-
1074 1863 1248 1908 retinere,
1274 1874 1406 1908 amare,
1433 1874 1476 1898 a·

825 1920 985 1960 mittere]
1018 1921 1082 1957 An
1106 1917 1313 1957 coniunfte
1339 1916 1476 1968 legen-

828 1975 921 2014 dum
948 1973 1020 2021 est,
1046 1972 1149 2022 Qid
1172 1972 1260 2010 velis
1286 1968 1478 2015 retinere?

827 2041 866 2069 vt
884 2031 960 2069 duo
980 2028 1071 2071 fint,
1099 2030 1246 2074 Amare,
1273 2030 1477 2066 Amimre:

828 2087 917 2137 quia
944 2096 981 2124 et
1006 2083 1103 2122 infra
1131 2083 1211 2122 duo
1239 2082 1383 2129 reddit,
1425 2082 1479 2121 Vt

827 2155 938 2194 neque
962 2139 1053 2179 mihi
1075 2138 1128 2190 fit
1163 2141 1239 2176 eius
1266 2138 1475 2186 amittendi,

828 2209 938 2249 neque
967 2195 1146 2235 retinendi
1184 2194 1298 2244 copia.
1361 2196 1479 2233 Amir-

831 2253 932 2290 tendi
960 2261 1115 2303 propter
1144 2261 1334 2288 amorem:
1376 2249 1480 2288 Reti·

831 2309 949 2355 nendi,
969 2317 1126 2358 propter
1147 2314 1304 2355 patrem.
1358 2309 1412 2346 D,

886 2427 936 2468 23
967 2418 1036 2455 Pro
1056 2414 1236 2453 Amittere
1255 2424 1403 2466 repone
1422 2414 1483 2454 An

833 2476 990 2512 minere.
1057 2473 1152 2510 Nam
1190 2471 1354 2521 primum
1398 2471 1482 2522 post

835 2527 993 2568 verbum
1017 2524 1227 2574 consulendi,
1249 2525 1482 2572 deliberandi,

836 2584 953 2624 debet
973 2579 1077 2632 sequi
1089 2581 1232 2625 Vtrum,
1243 2595 1302 2630 an,
1313 2596 1368 2621 ne.
1404 2584 1481 2621 De-

836 2640 929 2679 inde
953 2637 1148 2690 quomodo
1168 2640 1333 2677 amittere
1344 2639 1485 2691 potuit,

834 2708 949 2748 quam
965 2693 1139 2734 nondum
1159 2691 1318 2733 habuit?
1375 2697 1416 2734 B.
