1875 3292
307 167 404 237 5⁸³

697 156 857 204 ACT.
889 154 947 200 V.
978 153 1172 200 SCEN.
1207 153 1306 202 vn.

445 292 521 341 Vt,
552 285 661 353 quid
691 300 818 347 agam
836 297 940 330 cum
970 279 1072 335 illo,
1107 279 1294 329 nesciam
1324 281 1546 347 prorsum.
1589 277 1696 332 DE.

547 379 632 424 ego
660 361 743 409 scio
759 379 769 406 z

449 444 504 488 In
526 442 592 487 ius
616 454 778 485 eamus.
821 433 858 483 P
874 448 920 483 Η.
960 435 1007 484 in
1029 432 1123 481 ius!
1157 432 1260 487 hue,
1284 431 1315 480 fi
1339 433 1445 499 quid
1470 433 1605 482 lubet.

450 515 545 564 DE.
572 511 806 577 Assequere
818 529 865 559 ac
879 512 1033 564 retine,
1057 510 1163 557 dum
1175 526 1259 571 ego
1273 510 1359 557 huc
1380 511 1526 558 seruos
1541 525 1698 559 euoco.

354 607 420 656 90
458 590 569 641 CH.
608 593 784 637 Etenim
806 588 918 636 solus
938 602 1134 652 nequeo:
1174 603 1351 634 accurre
1367 586 1473 637 huc.
1502 585 1590 634 Pu.
1614 603 1700 633 vna

551 661 760 713 iniuri.·.'st

451 749 648 792 Tecum.
685 738 791 789 CH.
825 740 924 801 lege
959 741 1079 802 agito
1107 755 1231 801 ergo.
1270 737 1366 788 PH.
1407 737 1536 787 altera
1559 737 1619 786 est
1641 748 1702 786 te-

551 835 666 871 cum,
693 819 896 865 Chreme.

455 894 561 948 DE.
609 898 730 960 Rape
768 893 905 942 hunc.
957 889 1058 941 ΡΗ.
1104 893 1221 941 itane
1263 891 1424 954 agitis?
1470 872 1703 939 enimuero

552 963 711 1021 voce’st
741 987 855 1036 opus
871 989 882 1017 2

321 1197 401 1250 (xi,
421 1194 534 1249 569.)
563 1192 759 1246 Pastorum
769 1190 911 1246 etsblis
920 1205 987 1233 ex·

320 1257 400 1310 egit
427 1250 610 1291 montibus
639 1263 781 1291 aermm.
841 1252 886 1289 Et
910 1249 987 1290 Sal-

320 1309 453 1353 lustius
476 1309 515 1348 in
535 1309 674 1361 primo,
698 1306 795 1346 Solis
811 1308 898 1345 viis.
937 1307 986 1347 D.

378 1365 422 1404 In
441 1364 551 1417 solus
577 1364 718 1418 terras]
751 1363 887 1415 virgil.
915 1366 988 1403 Ae-

319 1422 428 1464 neid.
463 1435 518 1462 xl.
551 1417 642 1461 vers.
676 1432 768 1474 545.
814 1418 991 1459 solorum

322 1491 525 1520 nemorum.
588 1480 628 1518 L.

379 1544 432 1588 37
473 1537 569 1574 Prae
606 1533 756 1586 vulgari
796 1532 888 1572 Cum
925 1529 989 1570 illo

323 1592 454 1644 placet
474 1591 661 1629 librorum
683 1590 860 1639 quinque
878 1589 991 1627 leffio

323 1650 386 1688 Ex
407 1646 481 1693 illo,
519 1647 555 1685 h.
583 1658 616 1684 e.
640 1643 818 1695 posthae,
852 1658 899 1683 ex
923 1644 990 1682 illo

324 1702 436 1743 sufflo.
467 1704 567 1741 Nam
588 1700 681 1751 quid
695 1712 782 1737 cum
796 1698 992 1738 Phormio·

326 1771 379 1799 nc
422 1757 592 1804 faceret,
634 1755 728 1794 haut
763 1754 991 1808 ignorabam

326 1829 419 1855 nam
439 1811 748 1852 condonandum
760 1822 842 1850 erat
855 1823 993 1864 argen-

327 1882 423 1910 tum.
482 1873 589 1909 Tum
624 1864 750 1907 versus
788 1867 908 1920 gratia
944 1879 993 1906 ex

327 1941 407 1968 vno
437 1926 536 1969 Cod.
566 1927 659 1979 lege
687 1923 849 1976 Pr6rsus
876 1921 993 1974 neski-

327 1999 396 2024 am.
455 1987 498 2023 Β.

383 2048 432 2090 gg
465 2041 507 2078 1η
537 2041 597 2078 ius
624 2036 761 2090 eamus]
793 2035 857 2076 Ad
880 2038 992 2074 Prae-

326 2099 420 2138 toris
455 2094 599 2135 sellam.
645 2093 763 2134 modo
795 2092 902 2131 enim
941 2092 994 2129 lo-

328 2167 416 2192 cum
452 2149 652 2205 fignificat,
718 2151 763 2188 In
791 2151 874 2188 ius!
915 2146 994 2192 huc,

321 2211 353 2263 [ι
382 2209 475 2262 quid
504 2206 624 2261 Iubet]
658 2209 833 2258 Apparet
862 2203 996 2256 paran-

329 2278 412 2304 tum
435 2267 503 2304 niti
524 2263 570 2304 ad
582 2262 738 2302 domum
751 2261 998 2303 Chremetis:

329 2321 445 2361 senes
468 2334 560 2361 vero
581 2319 630 2360 ad
648 2318 779 2361 sorum
797 2318 923 2357 conari
946 2327 996 2356 at-

333 2377 501 2416 trahere.
555 2379 604 2418 D.

391 2440 442 2484 89
485 2433 568 2472 Huc
585 2432 722 2485 strum·
755 2430 881 2484 euoco]
924 2427 996 2472 Ms.

335 2490 378 2528 R.
393 2501 430 2527 et
443 2501 533 2528 vett.
548 2489 662 2528 codd.
675 2490 772 2528 Hinc
784 2487 930 2539 struos.
960 2488 1000 2525 L.

389 2557 445 2594 90
485 2544 594 2584 Enim
626 2545 730 2596 Jblus
758 2543 913 2597 nequeo]
954 2542 1003 2580 E·

331 2602 431 2647 nim,
463 2615 533 2651 pro
560 2614 598 2639 at
625 2599 771 2653 posuit:
811 2611 849 2638 vt
879 2598 1003 2638 turba-

333 2665 423 2696 tum
479 2657 715 2698 ostenderet.
790 2657 853 2699 Sic
899 2654 1004 2703 alibi,

1572 1046 1705 1090 Nau-

1037 1190 1149 1230 Enim
1167 1201 1244 1229 non
1261 1187 1396 1241 finam.
1456 1187 1537 1228 Vua
1563 1190 1708 1227 iniuria

1037 1247 1104 1302 est]
1145 1246 1187 1285 ld
1212 1246 1277 1294 est,
1304 1247 1399 1286 a'ciio
1415 1245 1641 1284 iniuriarum
1656 1256 1707 1284 ex

1038 1306 1143 1358 lege.
1205 1306 1253 1344 D.

1098 1365 1169 1402 Pro
1183 1359 1341 1405 Etenim,
1355 1358 1562 1397 meliorum
1577 1357 1708 1410 etplu-

1040 1418 1229 1457 rimorum
1262 1415 1389 1456 Codd.
1420 1415 1630 1455 leffionem
1660 1414 1709 1456 E·

1040 1476 1118 1517 nim
1128 1473 1349 1531 simpliciter
1361 1468 1485 1511 versus
1497 1470 1644 1524 probat.
1666 1466 1707 1511 13'.

1094 1598 1145 1640 91
1192 1585 1290 1640 Lege
1324 1585 1430 1640 agito
1461 1583 1569 1636 ergo]
1616 1582 1711 1635 Lege

1041 1647 1144 1698 agito
1160 1642 1360 1680 dicebatur
1378 1641 1426 1685 ei,
1453 1652 1558 1676 cuius
1581 1639 1707 1677 inteu-

1044 1702 1098 1738 rio
1120 1695 1397 1736 contemtibilis
1420 1691 1639 1736 aduersario
1655 1695 1710 1733 vi-

1043 1754 1218 1793 debatur.
1272 1752 1477 1791 Plautusin
1501 1751 1712 1798 mmmm,

1045 1825 1082 1863 3,
1107 1812 1197 1861 10.)
1232 1809 1329 1863 Lege
1347 1809 1453 1863 agito
1467 1819 1612 1854 mcum,
1634 1821 1710 1844 mo·

1043 1866 1148 1917 Ieflus
1179 1879 1223 1904 ne
1240 1866 1315 1916 fi'a
1351 1878 1385 1903 ct
1414 1878 1556 1903 coenam
1584 1877 1706 1914 coque.

1043 1922 1192 1977 Altera]
1231 1924 1361 1972 Quam
1398 1919 1516 1961 fecisti
1555 1919 1712 1960 dotatae

1043 1981 1167 2019 vxori.
1229 1980 1278 2018 D.

1101 2034 1218 2077 1³ch
1254 2033 1350 2072 vidit
1373 2033 1549 2080 Daceria,
1577 2032 1713 2086 verba,

1047 2093 1141 2149 Lege
1161 2093 1262 2186 agito
1279 2104 1381 2146 ergo,
1407 2087 1485 2128 esse
1495 2089 1709 2141 Demipho.-

1047 2150 1086 2188 ni
1131 2149 1176 2187 tri
1211 2148 1348 2186 nenda.
1409 2148 1567 2186 Etenim
1596 2145 1711 2186 Phor-

1047 2206 1128 2246 mio
1161 2204 1276 2244 verba
1298 2204 1379 2242 Vna
1400 2203 1571 2255 iniurias!
1593 2215 1712 2242 tecum

1049 2263 1200 2301 dixerat
1220 2259 1268 2299 ad
1281 2259 1575 2311 Demiphonem
1587 2272 1712 2298 accur-

1049 2330 1200 2359 rentem
1229 2328 1268 2355 et
1300 2318 1547 2356 retinentem.
1606 2319 1713 2370 Ergo

1050 2373 1256 2428 probabile
1277 2372 1351 2420 est,
1381 2372 1554 2411 eundem
1577 2374 1713 2413 Demi-

1051 2430 1231 2483 phonem
1259 2426 1499 2481 respondere
1520 2430 1611 2482 Lege
1637 2431 1711 2484 agi-

1051 2501 1102 2528 10.
1160 2490 1201 2527 Z.

1106 2553 1161 2595 92
1211 2541 1420 2580 Bembinus
1467 2539 1527 2579 Sic
1576 2542 1712 2593 agitis:

1055 2599 1196 2638 caeteri
1218 2598 1345 2636 Itane:
1367 2607 1568 2647 vtramque
1589 2597 1715 2636 lec-Ao-

1055 2667 1151 2694 nem
1172 2650 1496 2708 admittim'ersus.
1554 2654 1596 2691 B.
