1875 3292
462 199 565 277 490
631 200 820 247 AELII
854 200 1024 246 DON.
1061 199 1295 245 PRAEF.
1340 199 1418 244 IN
1452 200 1721 249 PHORM.

466 337 556 365 cum
580 323 630 363 fic
653 321 821 366 dicatur:
850 335 871 360 a
891 320 1000 360 cuius
1023 319 1081 360 rei
1097 320 1158 359 vel
1176 321 1392 373 capacitate,
1418 321 1480 361 vel
1502 322 1686 371 vtilitate,
1714 322 1832 365 etiam

464 381 515 422 ab
534 379 777 433 Apollodoro
797 376 975 430 pai-alitus
985 376 1231 416 Phormionis
1251 378 1684 429 nominenuncupatur.
1717 381 1827 419 Haec

466 438 586 491 igitur
608 436 765 488 proprie
782 445 858 474 tota
876 435 1038 472 motoria
1057 432 1130 480 est,
1160 442 1200 473 et
1217 434 1259 472 in
1278 431 1475 472 affeeiibus
1495 434 1697 481 constituta
1723 448 1831 487 pene

466 492 692 541 maioribus,
714 504 828 542 quam
848 490 1015 529 comicus
1033 488 1135 528 stilus
1154 485 1339 539 posceret:
1371 488 1437 528 nifi
1456 490 1562 541 quod
1589 502 1670 529 arte
1687 493 1832 531 Poetae

468 550 600 589 omnia
620 546 819 588 moderata
839 544 932 584 sunt.
987 546 1128 585 Primas
1148 546 1189 584 in
1210 558 1255 584 ea
1278 556 1424 597 partes,
1451 557 1488 585 vt
1508 544 1586 598 ipse
1604 550 1720 587 Poeta
1739 560 1833 599 pro-

465 603 585 647 sefl‘us
606 604 670 652 est,
691 614 797 643 tenet
816 602 1004 650 Phormio,
1026 599 1211 641 secundas
1233 601 1337 649 Geta,
1368 601 1494 641 tertias
1514 603 1715 654 Demipho:
1748 600 1833 642 sub·

465 659 565 702 inde
593 661 758 709 caeteri,
793 669 905 710 prout
933 655 1112 709 cuiusque
1141 657 1243 696 aftus
1272 656 1448 696 ostendit.
1500 660 1684 712 Prologus
1712 657 1833 698 Phor.

466 717 612 758 mionis
631 716 748 755 nimis
769 716 978 753 concitatus
997 714 1062 762 est,
1079 713 1177 753 adeo
1196 711 1336 765 vtxipse
1353 709 1472 753 semet
1490 714 1605 753 veluti
1625 714 1833 766 reprehen-

467 773 534 813 dat
554 772 604 812 ob
626 772 726 811 hanc
746 768 863 823 ipsam
882 770 1147 822 pis-rusticiani,
1167 780 1207 808 et
1223 768 1332 808 fimul
1351 780 1621 824 argumentum
1642 769 1729 810 suae
1741 785 1833 822 pur-

467 829 637 884 gationis
655 828 819 866 inducat.
877 831 1011 877 Atque
1028 827 1067 864 in
1087 838 1132 865 ea
1151 839 1268 876 quum
1288 835 1328 864 et
1349 825 1515 874 Promfis,
1543 837 1581 865 et
1599 827 1765 878 Epitaiis,
1789 838 1831 868 et

466 883 718 936 Catastrophe
736 884 868 937 magni
890 883 1102 921 moliminis
1122 892 1160 921 et
1184 883 1335 934 negotii
1353 881 1446 921 sint:
1476 883 1527 921 ita
1553 883 1662 922 variis
1687 882 1832 935 lepori-

466 941 543 982 bus
563 938 834 993 al'perguntur‚
869 949 905 977 vt
924 939 1040 977 etiam
1066 951 1194 978 rerum
1212 938 1367 978 tristium
1388 939 1614 992 grauitatem
1640 941 1756 978 Poeta
1775 940 1832 980 le·

467 997 582 1052 pidus
611 997 757 1035 comica
784 991 986 1035 serenitate
1012 994 1250 1046 tranquillet.
1306 997 1412 1034 Haec
1433 995 1512 1033 aeia
1541 993 1594 1034 est
1619 994 1718 1034 ludis
1742 999 1832 1038 Me.

468 1051 698 1108 galensibus,
717 1052 835 1092 Lucio
856 1051 1041 1091 Cornelio
1062 1051 1210 1091 Merula
1228 1050 1359 1090 Aedili
1378 1051 1530 1098 Cui-uli,
1559 1062 1598 1089 et
1616 1052 1654 1090 L.
1675 1050 1832 1099 Rosthu-

466 1112 549 1151 mio
579 1108 746 1150 Albino:
778 1106 983 1160 agentibus
1012 1110 1052 1147 L.
1080 1106 1206 1148 camo
1228 1107 1382 1151 Attilio,
1412 1117 1450 1146 et
1474 1108 1514 1146 L.
1533 1105 1728 1147 Ambiuio.
1748 1120 1831 1147 mo·

467 1166 539 1205 dos
570 1164 737 1204 faciente
754 1164 889 1205 Flacco
909 1163 1062 1206 Claudii
1095 1161 1174 1201 filio
1193 1161 1293 1201 tibiis
1313 1163 1496 1210 Serranis,
1524 1173 1685 1214 totaque
1703 1163 1831 1202 diuer-

468 1222 544 1263 biis
561 1220 803 1266 sacedffimis,
831 1229 872 1258 et
892 1218 1037 1272 gestum
1058 1217 1361 1257 desiderantibus
1382 1216 1584 1268 scenicum,
1610 1229 1649 1258 et
1669 1216 1832 1259 suauiffi·

468 1279 542 1319 mis
562 1287 695 1317 ornata
715 1276 873 1315 canticis
891 1276 974 1315 fuit.
1032 1274 1223 1326 Editaque
1242 1275 1295 1313 est
1314 1285 1446 1326 quarto
1465 1276 1566 1323 loco,
1584 1277 1639 1315 M.
1654 1276 1828 1325 Valerio,

468 1345 512 1375 et
537 1335 585 1377 C.
606 1333 753 1374 Fannio
774 1328 874 1374 Coss'.
896 1326 1059 1371 Persona
1079 1331 1194 1371 etiam
1213 1332 1252 1370 in
1274 1331 1385 1369 huius
1404 1330 1540 1382 protasi
1558 1344 1637 1370 non
1661 1344 1734 1370 vna
1762 1331 1829 1380 est,

467 1389 536 1433 sed
555 1390 677 1432 duae:
704 1401 864 1440 quarum
885 1387 1000 1428 altera
1019 1397 1123 1426 extra
1141 1398 1408 1439 argumentum
1427 1386 1544 1439 polita
1565 1386 1629 1426 est.
1659 1388 1718 1426 cui
1745 1401 1831 1426 nar-

470 1458 575 1487 ratur
596 1445 758 1486 Fabula:
787 1445 902 1484 altera
928 1445 970 1482 in
988 1453 1229 1497 argumento,
1250 1455 1351 1494 quae
1375 1453 1502 1482 narrat
1512 1442 1704 1482 Fabulam.
1759 1448 1831 1484 Ar.

470 1513 705 1558 gumentum
736 1513 892 1552 quoque
923 1513 1001 1539 non
1036 1499 1211 1550 limplieis
1242 1499 1393 1552 negotii
1437 1499 1572 1538 habet:
1613 1511 1686 1538 nec
1715 1499 1831 1538 vuius

470 1555 739 1604 adolescentis,
760 1567 796 1595 vt
817 1557 856 1595 in
881 1559 1055 1609 Hecyra:
1085 1553 1145 1594 sed
1166 1555 1342 1601 duorum,
1365 1565 1404 1594 vt
1428 1556 1467 1593 in
1489 1556 1643 1596 caeteris
1663 1554 1829 1594 Fabulis.

467 1617 575 1655 Scire
603 1624 733 1653 autem
759 1612 944 1651 conuenit
974 1625 1048 1650 vno
1075 1611 1139 1651 die
1158 1610 1307 1663 tranligi
1329 1610 1623 1651 Phormionem:
1653 1624 1755 1657 non,
1790 1621 1830 1650 vt

466 1669 957 1714 Heautontimorumenon‚
980 1666 1139 1705 duobus.
1196 1668 1379 1718 Prologus
1399 1677 1576 1718 correpte
1592 1666 1659 1703 ἀπὸ
1678 1669 1724 1702 τί
1746 1682 1829 1710 προ-

468 1732 578 1772 λέγειν
609 1724 766 1770 dicitur,
797 1736 875 1761 11011
903 1721 1086 1773 produsse
1104 1720 1174 1759 ἄπὸ
1196 1725 1238 1763 r}
1256 1728 1483 1768 πρωτολογεῖν.
1539 1725 1636 1760 Nam
1656 1720 1829 1762 Officium

466 1781 625 1833 Prologi
644 1791 734 1817 ante
754 1779 940 1816 astionem
961 1774 1049 1826 (ΜΓ.
1070 1790 1154 1816 ame
1179 1790 1322 1816 narrat.
1348 1780 1408 1827 L.)
1428 1776 1584 1828 quidem
1599 1777 1652 1815 rei
1676 1774 1828 1829 semper

469 1837 548 1876 est:
581 1845 846 1874 verumtamen
866 1843 904 1872 et
923 1831 1003 1884 post
1023 1832 1256 1884 principium
1266 1832 1428 1871 Fabulae
1448 1832 1649 1879 inducitur,
1672 1844 1709 1871 rt
1719 1832 1825 1884 apud

467 1893 644 1933 Plautum
668 1892 707 1929 in
727 1890 852 1931 Milite
875 1886 1050 1942 glorioso,
1071 1898 1111 1927 et
1135 1889 1236 1941 apud
1255 1900 1422 1929 caeteros
1439 1900 1605 1943 magnae
1626 1889 1828 1944 anaor-itaq

470 1950 516 1989 tis
540 1959 689 1990 veteres
708 1950 854 1988 Poetas.
1584 1962 1590 1965 -

844 2078 1449 2134 ARGVMENTVM.

599 2303 658 2328 am
678 2290 848 2333 nomine,
872 2301 950 2339 quo
967 2286 1212 2338 Stilphonem
1235 2283 1271 2325 se
1290 2285 1363 2324 dici
1387 2285 1537 2331 fecerat,
1575 2283 1665 2323 duas
1684 2286 1829 2326 eodem

471 2357 648 2397 tempore
667 2342 851 2383 habuisset
873 2356 1016 2392 rxoreS,
1048 2341 1211 2383 Athenis
1238 2341 1409 2388 diuitem,
1437 2351 1646 2392 pauperem
1664 2343 1827 2382 Lemni:

470 2414 521 2440 ex
553 2402 675 2439 diuite
703 2400 838 2439 sustulit
869 2399 1009 2445 lilium,
1038 2399 1102 2449 qui
1130 2398 1247 2436 dicius
1277 2397 1328 2436 est
1349 2395 1549 2436 Phaedria:
1579 2407 1626 2434 ex
1654 2407 1829 2447 paupere

468 2457 600 2496 furtim
623 2454 774 2506 suscepit
794 2467 907 2507 atque
927 2453 1105 2494 educauit
1127 2453 1263 2498 liliam,
1297 2452 1485 2492 Phanium
1517 2453 1699 2500 nomine,
1726 2465 1828 2491 eam-

472 2525 548 2563 que
578 2512 730 2550 conlilio
759 2526 843 2551 cum
869 2511 983 2550 fratre
1015 2508 1141 2549 habito
1168 2507 1373 2548 destinauit
1401 2507 1477 2547 lilio
1506 2509 1586 2546 eius
1607 2506 1828 2559 Antiphoni

469 2581 627 2607 vxorem
648 2568 749 2607 (lare.
808 2567 962 2617 Quibus
980 2565 1226 2617 complacitis,
1248 2577 1322 2602 vno
1346 2574 1520 2615 tempore
1540 2561 1691 2613 profesti
1705 2560 1830 2602 Athe-

469 2624 532 2663 nis
554 2621 674 2670 schS,
704 2623 900 2674 Demipho
931 2624 969 2661 in
988 2621 1178 2668 Ciliciam,
1207 2618 1392 2660 Chremes
1418 2623 1604 2659 Lemnum
1633 2617 1679 2656 ad
1709 2616 1829 2656 arces-

470 2677 630 2720 sendam
648 2676 775 2729 tiliam,
797 2693 896 2734 quae
914 2679 992 2721 iam
1012 2678 1119 2725 illins
1137 2687 1224 2720 cum
1242 2688 1362 2719 matre
1381 2677 1639 2732 nauigauerat,
1667 2673 1829 2715 occatio-

1730 2741 1824 2774 nem

469 2230 687 2348 viM
716 2228 902 2276 Chremes
926 2227 1181 2282 Demiphonis
1204 2226 1336 2274 frater,
1363 2224 1501 2268 adscito
1530 2224 1596 2267 sibi
1618 2227 1664 2267 ad
1687 2225 1827 2270 fallaci·
