1875 3292
334 1996 335 1999 ’
397 1985 490 2028 effe.

359 215 453 265 194

731 195 893 244 ACT.
930 194 992 242 V.
1028 192 1229 243 SCEN.
1258 192 1359 240 VII.

493 328 681 379 Student
710 325 874 374 facere:
912 323 961 370 in
1001 304 1255 390 apparando
1288 332 1434 371 totum
1474 319 1736 370 consumunt

588 405 728 463 diem.

494 480 597 532 DE.
639 477 761 535 Quid
784 451 950 540 agitur,
981 447 1227 523 Aeschine?
1272 461 1381 522 AF..
1417 472 1572 526 ehem,
1611 481 1735 538 pater

597 558 674 610 mi,
697 566 746 603 tu
768 555 838 602 hic
859 570 951 600 eras
965 553 987 598 Ῥ

504 630 553 682 D
569 646 612 679 Ε.
647 636 779 679 Tuus
813 625 960 676 hercle
983 644 1089 676 vero
1121 637 1165 674 et
1185 627 1332 674 animo
1354 636 1398 672 et
1418 636 1572 672 natura
1594 634 1742 682 pater3

437 727 465 776 5
504 712 595 766 Qui
617 720 659 755 te
680 717 794 754 amat
814 706 914 772 plus
939 720 1072 769 quam
1094 688 1223 751 hosce
1255 701 1421 750 oculos.
1459 700 1530 747 sed
1552 684 1630 747 etit·
1652 714 1745 748 non

609 783 792 831 domum

505 866 701 911 onrem
735 853 930 907 arceffis?
981 853 1088 904 ΑΕ.
1137 856 1291 922 cupio:
1329 868 1486 903 verum
1521 850 1609 901 hoc
1637 850 1748 899 mihi

606 952 732 985 mora
763 932 823 982 est

375 1154 451 1187 tur.
494 1140 570 1193 2.).
629 1139 778 1180 Verum
813 1130 1041 1176 adolescens

377 1197 544 1252 cupidus
564 1190 786 1249 nubtiarum
806 1192 974 1240 festinat,
1003 1200 1044 1230 et

379 1259 522 1298 volens
551 1253 694 1292 ducere
726 1263 908 1298 vxor-em,
954 1261 1045 1288 con·

380 1313 524 1354 temnit
545 1310 649 1349 illam
667 1307 900 1362 religionem
917 1307 958 1345 in
977 1318 1047 1344 nu-

383 1370 476 1425 ptiis
499 1365 585 1407 suis.
641 1368 691 1407 D.
721 1388 728 1394 -

440 1425 547 1467 Male
564 1424 607 1463 in
624 1418 758 1462 Bemb.
789 1418 842 1461 est
859 1416 1049 1472 Equidem.

384 1484 484 1526 Nam
514 1479 700 1533 probatae
728 1477 928 1517 latinitatis
957 1485 1052 1514 tem·

386 1538 545 1593 poribus
567 1536 741 1589 Equidem
766 1546 848 1574 non
879 1530 947 1572 nisi
966 1531 1051 1584 ,pri-

387 1609 477 1637 mae
495 1590 681 1646 personae
698 1592 873 1630 iunetum
885 1587 952 1628 est.
983 1591 1025 1627 B.

442 1663 467 1693 2
498 1652 686 1695 Faernus,
726 1660 846 1698 quem
877 1643 1052 1695 sequitur

355 1715 360 1717 ’
387 1706 590 1750 Bentleius
636 1702 730 1742 illud
777 1702 916 1741 Totum
959 1699 1054 1738 omi·

390 1763 445 1804 fit.
508 1764 549 1802 Z.

447 1828 470 1871 3
499 1812 605 1872 Qid
636 1815 784 1870 agitur,
822 1808 1055 1865 Aefihine?]

392 1876 473 1917 lam
501 1870 581 1925 ipse
609 1871 762 1918 docuit,
791 1866 984 1926 Q-uidfit,
1016 1878 1057 1907 et

393 1929 502 1984 Quid
542 1929 694 1982 agitur?
739 1925 1057 1965 blandimentum

552 1989 630 2025 lam
650 1996 754 2023 nunc
775 1982 871 2021 haec
894 1982 964 2020 tria
983 1981 1057 2032 pri-

395 2056 504 2085 mum
544 2040 693 2081 addidit
735 2039 900 2090 (addidi)
943 2049 1059 2090 prae-

398 2112 460 2141 ter
489 2109 681 2138 naturam.
742 2097 776 2137 Ο
803 2095 940 2146 noster,
970 2093 1061 2147 quid

397 2156 559 2213 agitur?
602 2151 741 2194 Ehem!
786 2151 920 2205 pater]
967 2153 1059 2190 Non

397 2214 481 2254 {ine
510 2210 825 2250 consternatione
851 2206 1062 2258 respondet

400 2267 643 2311 Aeschinus:
675 2265 741 2306 etsi
762 2264 822 2304 hic
841 2261 986 2302 blande
1006 2266 1060 2302 in-

403 2335 594 2378 terrogat,
635 2333 674 2363 et
696 2323 782 2362 miti
810 2320 939 2362 vultut
971 2333 1062 2359 nam

403 2396 451 2422 ex
481 2377 686 2433 improuiso
715 2377 889 2417 obiettus
915 2375 969 2415 est
988 2379 1064 2417 De-

403 2450 503 2482 mea,
522 2449 559 2476 et
579 2435 802 2488 insperanti.
861 2435 911 2473 D.

459 2494 513 2532 Tu
530 2494 587 2532 hic
607 2492 740 2546 eras?]
770 2493 815 2533 V.
830 2492 876 2532 C.
897 2488 990 2529 Tun'
1005 2486 1064 2527 hic

407 2549 514 2591 eras?
570 2553 610 2588 L.
859 2561 861 2563 ’

462 2617 490 2658 4
526 2605 624 2643 Tuus
645 2602 760 2643 hercle
778 2614 868 2644 vero
885 2615 921 2641 et
932 2600 1064 2648 animo,

407 2673 444 2701 ot
480 2674 620 2699 natura
646 2662 772 2713 pater]
810 2662 958 2698 Totum
989 2658 1065 2696 eri-

406 2718 495 2770 puit
515 2717 701 2762 Micioni,
732 2717 789 2754 cui
818 2728 870 2754 ne
889 2716 1064 2753 animum

407 2772 568 2827 quidem
588 2773 753 2825 reliquit.
809 2775 857 2811 1.).

1624 1007 1670 1051 T
1673 1001 1751 1050 ibi-

1145 1132 1281 1174 Hercle
1296 1145 1383 1173 vero
1405 1143 1440 1173 et
1458 1132 1580 1172 animo
1596 1140 1632 1169 et
1644 1138 1752 1168 natu-

1093 1203 1137 1231 ra
1160 1191 1293 1246 pater]
1325 1192 1458 1241 Quum
1486 1189 1617 1229 animo
1643 1197 1755 1238 pater

1093 1248 1216 1289 Micio
1246 1246 1468 1295 videbatur,
1499 1245 1567 1298 qui
1599 1243 1757 1295 adopta·

1095 1315 1217 1354 uerat,
1248 1304 1310 1344 hic
1320 1315 1528 1354 vti-umque
1546 1299 1615 1340 {ibi
1634 1297 1758 1338 vindi·

1099 1361 1212 1410 cauit,
1231 1373 1267 1400 et
1284 1363 1406 1400 animo
1426 1372 1462 1399 et
1479 1371 1632 1399 natura.
1661 1357 1706 1396 E.

1155 1429 1178 1471 ς
1207 1416 1286 1471 Qi
1305 1430 1341 1457 te
1357 1429 1459 1456 amat
1476 1415 1665 1468 plusquam
1678 1407 1760 1462 host

1101 1485 1138 1514 ce
1185 1473 1325 1524 oculos]
1372 1473 1504 1526 Magis
1546 1471 1757 1516 comicum,

1101 1543 1218 1583 quam
1249 1544 1344 1570 amo.
1399 1528 1473 1569 Sed
1499 1541 1567 1568 cur
1592 1538 1664 1566 non
1695 1525 1763 1565 do-

1101 1601 1200 1627 mum
1227 1598 1384 1626 vxorem
1416 1583 1615 1639 arceffis?]
1651 1585 1761 1622 Bene

1102 1642 1275 1691 subiecit,
1295 1656 1397 1694 quae
1419 1643 1566 1681 volenti
1587 1635 1663 1678 effe
1685 1648 1764 1676 cre-

1105 1699 1223 1739 debat
1266 1701 1380 1751 (quae
1415 1697 1503 1737 velle
1542 1693 1762 1746 Aefihinum

1106 1756 1233 1807 cred.)
1289 1758 1340 1795 D.

1160 1815 1186 1855 6
1222 1811 1354 1850 Verum
1375 1809 1443 1849 hoc
1465 1806 1559 1848 mihi
1579 1821 1686 1847 mora
1705 1804 1762 1858 est.

1107 1868 1288 1916 tibicina,
1325 1880 1359 1905 ct
1394 1864 1647 1918 hymenaeum]
1677 1866 1764 1904 Hoc

1107 1925 1160 1964 est
1180 1924 1282 1976 quod
1303 1925 1366 1971 ait,
1377 1921 1483 1961 Dum
1502 1924 1610 1961 nimis
1611 1919 1765 1972 fimc’las

1106 1984 1252 2035 nuptias
1262 1978 1415 2032 student
1434 1980 1574 2031 fizceve.
1630 1977 1765 2029 Hyme-

1107 2051 1233 2078 naeum
1253 2037 1411 2089 quidam
1428 2034 1557 2075 Liberi
1578 2044 1618 2074 et
1637 2035 1769 2076 Vene-

1109 2096 1160 2134 ris
1180 2093 1300 2133 filium
1322 2092 1454 2132 dicunt
1476 2088 1570 2138 effe,
1601 2090 1668 2142 qui
1694 2089 1767 2140 pri-

1110 2164 1195 2191 mus
1224 2159 1342 2190 certas
1371 2149 1524 2200 nuptias
1551 2146 1766 2186 instituerit.

1109 2207 1203 2247 ideo
1230 2219 1298 2258 per
1319 2206 1473 2245 landem
1509 2213 1682 2242 cantatur
1701 2203 1771 2242 vit·-

1111 2262 1306 2318 ginalibus
1333 2262 1479 2314 nuptiis
1508 2260 1557 2300 ob
1577 2256 1769 2299 huiusmo-

1112 2322 1152 2361 di
1189 2320 1381 2359 meritum.
1437 2316 1514 2357 Alii
1544 2318 1668 2356 virum
1695 2313 1769 2354 for-

1114 2388 1192 2416 tem
1215 2377 1384 2416 Atticum
1404 2373 1541 2413 dicunt
1558 2369 1682 2420 fuifl'e,
1702 2371 1769 2424 qui

1113 2444 1237 2485 raptas
1278 2429 1542 2483 praedonibus
1579 2429 1764 2482 virgineS,

1112 2488 1294 2541 oppressis
1307 2487 1530 2536 latronibus,
1542 2486 1699 2525 intaAElas
1709 2497 1771 2536 pa·

1115 2548 1211 2585 triae
1244 2544 1462 2583 restituerit.
1518 2542 1620 2589 Alii,
1664 2539 1771 2591 quod

1117 2602 1202 2647 ὗμιῗν
1230 2601 1379 2640 dicatur
1409 2598 1631 2639 membrana
1654 2609 1772 2647 quae-

1114 2659 1213 2702 dam,
1235 2671 1307 2709 qua
1329 2656 1382 2697 est
1401 2655 1546 2695 munita
1559 2653 1771 2706 virginitas,

1114 2729 1214 2766 quae
1236 2715 1361 2765 primo
1388 2709 1634 2762 disrumpitur
1654 2709 1772 2757 coitu,

1639 2766 1773 2820 Hymo-
