1875 3308
17 1161 40 1177 So

650 194 944 242 ADELPH.
1388 203 1448 257 85

236 325 341 378 Abi,
383 334 509 387 atque
538 325 737 383 Hegioni
765 332 950 384 cognato
982 319 1112 368 huius
1147 337 1240 369 rem
1271 339 1449 371 omnem

329 413 500 446 narrato
526 399 692 445 ordine.

229 479 349 522 Nam
371 478 405 520 is
426 473 570 520 nostro
593 472 758 520 Simulo
780 472 862 519 fuit
884 471 1098 525 summuS,
1136 484 1179 520 et
1211 489 1291 520 nos
1314 474 1447 521 coluit

328 566 542 597 fflssXume·

133 641 194 688 55
235 620 337 671 GE.
377 613 494 671 Nom
535 623 678 670 hercle
713 622 819 669 alius
851 638 982 668 nemo
1016 622 1186 687 respicit
1219 640 1315 670 nos.
1353 620 1444 670 So.

321 716 510 764 propcra
531 710 592 750 tu,
615 714 708 744 mea
731 696 956 748 Canthara,

227 779 388 822 Curre:
428 772 695 828 obstetricem
719 769 886 825 arcesse,
907 784 952 819 vt
973 786 1110 834 quum
1139 788 1252 837 opus
1273 770 1346 826 fit,
1387 789 1444 820 ne

317 852 363 896 in
395 865 517 896 mora
539 849 664 896 nobis
687 846 773 895 fiet.

1180 918 1443 971 ACTVS

83 1080 159 1107 tens
183 1066 226 1113 h}
253 1067 379 1107 dicere.
410 1064 495 1110 Mfl'.
514 1071 651 1112 Forte,
676 1067 737 1106 vel
780 1075 857 1114 ret,
907 1066 1016 1106 Colit.
1072 1067 1184 1120 Virg.
1219 1067 1338 1119 (Aen.
1375 1079 1434 1115 lx,

82 1137 126 1163 vt
144 1124 233 1177 quid
251 1127 352 1173 etc.).
408 1123 598 1178 Quantum
614 1135 730 1174 petes,

80 1180 154 1227 abi]
186 1180 302 1220 Deest
323 1180 434 1220 Cito:
465 1191 505 1218 vt
525 1178 576 1228 fit,
604 1178 730 1234 Qan-

80 1250 156 1278 mm
171 1248 286 1289 putes,
305 1240 379 1275 cito
400 1234 472 1275 ahi.
524 1239 576 1277 D.

132 1349 194 1387 Ne
222 1345 346 1386 versus
370 1346 412 1385 sit
439 1345 536 1385 iusto
560 1346 728 1398 longior,

78 1417 148 1455 pro
169 1403 305 1442 Accede
331 1414 480 1452 repone
502 1402 610 1445 Cedo,
632 1401 668 1441 h.
693 1414 726 1439 e.

77 1458 272 1502 concedo,
304 1455 445 1503 fateor,
476 1453 660 1510 agnosco,
689 1467 728 1495 te

74 1515 213 1555 melius
237 1513 377 1552 dicere.
434 1515 473 1552 Β.

126 1635 174 1676 53
220 1623 339 1675 Atque
377 1622 557 1676 Hegioni]
607 1621 722 1672 Apud

71 1678 332 1720 Menandrum
372 1677 558 1718 Sostratae
605 1676 722 1715 frater

68 1733 270 1773 inducitur.
331 1733 466 1786 Huius]
497 1734 614 1772 Filiae
633 1730 719 1771 suae

65 1788 214 1830 scilicet.
273 1791 320 1829 D.

117 1903 221 1953 Lege
242 1912 325 1938 cum
345 1898 474 1940 Bemb.
507 1898 596 1938 Rem
612 1912 718 1938 enar-

67 1968 151 1994 rato
169 1969 304 1994 omnem
323 1957 460 1994 ordine.
515 1957 553 1994 Β.

121 2076 172 2116 54
210 2063 361 2118 Simulo]
409 2067 563 2104 Nomen
601 2066 716 2115 patris

66 2121 237 2171 puellae:
264 2122 535 2159 diminutiuurn
556 2121 705 2168 aSimo,

65 2177 124 2215 vel
150 2178 318 2216 Simone.
373 2180 418 2216 Et
445 2187 536 2215 nota
563 2190 708 2215 nomen

63 2232 103 2269 in
133 2233 282 2270 Panium
296 2231 434 2270 Fabula
445 2232 578 2272 Latine
599 2231 706 2270 dimi-

63 2288 249 2326 nuriuum.
293 2287 512 2339 Simulofm't
525 2286 707 2340 stammas]

59 2342 238 2389 Summus,
269 2356 316 2381 an
335 2342 381 2381 ad
405 2354 629 2395 cognatum,
659 2356 707 2380 an

60 2398 108 2436 ad
136 2399 295 2436 amicum
326 2397 506 2440 refertor?
538 2412 585 2436 an
607 2396 707 2436 abso·

58 2453 140 2492 lute
167 2451 350 2502 ponitur?
381 2464 418 2492 vt
450 2454 488 2492 in
509 2453 704 2500 Eunucho,

58 2508 222 2549 Plurima
252 2507 372 2556 stultae
395 2508 575 2559 summum
602 2508 706 2558 ficum

31 2612 33 2614 q
58 2567 220 2616 imperm
248 2562 408 2602 Gnatho.
465 2565 510 2603 Et
531 2578 593 2602 nos
613 2564 705 2602 colu-

58 2621 91 2657 is
114 2620 284 2672 ›naxime'j
320 2616 621 2658 &miserabilius
635 2621 704 2658 Co·

57 2677 126 2715 tuis
145 2675 287 2715 dmum
308 2674 383 2722 est,
422 2686 533 2724 quam
553 2674 578 2714 fi
605 2674 704 2714 dice-

781 1126 895 1175 300.)
926 1123 1000 1161 Per
1019 1132 1126 1176 caput
1146 1121 1213 1160 hoc
1240 1126 1340 1170 iuro,
1364 1134 1436 1174 per

779 1178 878 1232 quod
888 1190 995 1231 pater
1012 1193 1100 1217 ante
1118 1176 1274 1231 solebat.
1334 1178 1461 1233 Coleg,
1478 1207 1484 1214 .

779 1248 818 1273 re
840 1237 956 1282 enirn,
977 1246 1016 1273 et
1033 1234 1242 1273 maioribus
1262 1234 1435 1274 ermino·

778 1289 883 1329 ribus
911 1291 1109 1330 conuenit.
1167 1293 1221 1329 Vt
1247 1291 1368 1341 (Aen.
1400 1302 1433 1337 1,

783 1347 873 1398 16.)
937 1344 1148 1397 Posthabita
1185 1346 1328 1398 coluisse
1367 1346 1430 1385 Sa-

777 1414 851 1440 mo.
906 1404 958 1442 D.
1232 1400 1233 1407 ¹

828 1456 969 1510 Nostro
1013 1455 1148 1496 Simulo
1192 1455 1280 1506 fia't
1321 1456 1428 1506 sum-

774 1524 864 1551 mus.
898 1520 915 1539 ⁸
942 1513 1112 1564 (Excidit
1138 1509 1262 1558 forte,
1301 1513 1428 1566 Igitur

772 1581 839 1606 nos
865 1581 960 1605 nunc
988 1567 1181 1619 rcspiciet,·
1215 1578 1282 1606 aut
1319 1568 1424 1607 aliud

772 1619 958 1660 eiusmodi
979 1626 1060 1671 Z.);
1091 1621 1155 1661 sed
1177 1635 1312 1671 parum
1331 1622 1425 1661 istuc

771 1677 835 1726 est,
846 1679 964 1716 etiam
978 1691 1043 1716 nos
1055 1679 1212 1719 maxime
1225 1677 1347 1718 coluit.
1378 1682 1421 1719 E.

823 1799 874 1840 55
909 1787 1008 1837 Nos]
1036 1785 1309 1841 Monosyllabo
1322 1788 1419 1837 finit,

765 1840 974 1882 vultuosam
1003 1845 1222 1894 exprimens
1248 1858 1421 1896 pronun-

768 1900 988 1938 ciarionem.
1048 1899 1104 1938 Tu
1115 1913 1190 1938 mea
1206 1900 1418 1956 Canthara]

762 1955 895 1995 Tristis
915 1968 957 1993 ac
978 1952 1094 1994 seriae
1120 1953 1291 1994 feminae
1312 1957 1416 1995 blan-

766 2010 982 2049 dimentum
1032 2010 1084 2048 est
1134 2012 1226 2051 Mea
1274 2013 1415 2062 potius,

765 2080 879 2117 quam
906 2079 1123 2117 pronomen
1155 2064 1411 2118 pofl'essiuum.

761 2122 876 2161 Deest
895 2123 1000 2160 enim
1023 2122 1131 2168 Cara,
1165 2123 1223 2160 vel
1243 2122 1336 2173 quid
1363 2134 1415 2161 ta-

759 2179 815 2217 le:
846 2191 921 2227 quo
940 2177 1086 2226 addim,
1105 2191 1324 2229 pronomen
1342 2178 1409 2216 sta-

758 2232 938 2272 retMea.
995 2235 1041 2271 D.

810 2290 916 2340 Lege
936 2287 1119 2338 Propere:
1144 2286 1299 2326 aduerb.
1335 2293 1377 2331 Β.

813 2346 863 2395 ς6
896 2344 1028 2395 Curre]
1061 2343 1164 2384 Mire
1192 2343 1333 2381 dicium
1352 2345 1405 2384 est

755 2399 940 2444 ancillae,
984 2399 1108 2437 Curre.
1169 2399 1240 2446 Vt,
1292 2413 1406 2452 quum

754 2466 838 2506 opus
863 2453 934 2505 fit]
967 2454 1010 2492 Id
1040 2453 1110 2499 est,
1143 2467 1258 2504 quum
1278 2454 1404 2495 adesse

755 2510 928 2560 coeperit
954 2520 1095 2560 partus.
1151 2510 1211 2548 Ne
1235 2511 1273 2548 in
1295 2525 1403 2550 mora

752 2564 858 2603 nobis
880 2563 971 2618 stet]
1012 2565 1167 2604 Locutio
1195 2564 1316 2615 qualis
1347 2565 1403 2605 su·

754 2620 1033 2671 pra(A11d.11,
1066 2632 1101 2673 5.
1131 2633 1190 2674 13.
1211 2631 1249 2659 et
1267 2634 1334 2668 ιιι,
1366 2635 1398 2669 1,

751 2685 823 2729 9.).
882 2679 931 2714 D.
1144 2680 1147 2684 “

862 2733 890 2770 F
920 2742 944 2783 3
