1827 3180
711 74 1074 140 mommo:

1455 79 1557 134 589

315 221 434 265 Faxo
459 215 533 262 tali
554 231 655 262 eum
678 209 929 262 maRatum,
951 217 1079 271 atque
1102 204 1174 251 hic
1193 202 1266 256 est,
1295 201 1560 249 infortunio.

220 311 288 357 40
322 292 484 339 Redeat
499 292 594 338 sane
621 293 663 336 in
678 290 879 350 gratiam:

912 287 996 330 iam
1017 281 1216 346 supplicii
1234 279 1327 325 satis
1350 275 1409 322 est
1427 277 1561 323 mihi:

319 368 468 416 Habet
501 369 606 413 haec
628 369 666 411 ei
689 362 832 428 quod,
867 360 973 407 dum
993 360 1136 415 vitiat,
1165 355 1297 420 vsque
1326 353 1378 399 ad
1408 369 1561 400 aurem

419 445 670 504 ogganniat.

318 517 372 569 N
389 533 437 568 A.
475 525 533 565 At
555 534 654 564 meo
678 517 849 566 merito,
874 506 1028 560 credo!
1059 507 1165 574 quid
1199 523 1283 570 ego
1306 521 1426 553 nunc
1446 521 1562 552 com-

415 610 672 645 memorem,
693 589 934 655 Demipho,

325 671 598 731 Singulatim,
620 667 756 731 qualis
779 682 863 727 ego
886 666 933 711 in
955 663 1075 710 hunc
1095 659 1288 710 fuerim?
1327 655 1416 704 DE.
1455 658 1567 704 noui

423 763 559 809 aeque
582 746 730 791 onmia

325 827 515 869 Tecum.
556 818 607 868 N
622 834 672 866 A.
709 812 911 865 meriton'
938 816 1024 862 hoc
1047 831 1148 861 meo
1171 811 1345 862 videtur
1369 807 1567 858 fastum?

423 895 529 944 DE.
563 898 760 941 minume
793 895 1014 955 gentium:

229 988 294 1038 45
331 978 501 1022 Verum
532 971 707 1034 quando
730 973 817 1017 iam
839 966 1075 1016 accusando
1107 963 1204 1013 fieri
1236 960 1450 1011 infeRum
1473 979 1567 1008 non

432 1046 587 1113 potest,

330 1125 530 1186 Ignosce3
555 1134 660 1176 orat,
674 1121 920 1175 confitetur,
934 1129 1093 1185 purgat
1106 1112 1127 1163 ε’
1138 1118 1245 1181 quid
1269 1117 1332 1164 vis
1345 1109 1570 1179 amplius?

331 1201 367 1249 P
382 1215 430 1246 Η.
468 1201 709 1246 Enimuero
732 1201 856 1263 prius
887 1213 1019 1260 quam
1040 1197 1145 1241 haec
1165 1194 1236 1240 dat
1248 1194 1434 1243 veniam,
1459 1190 1568 1236 mihi

430 1275 689 1339 prospiciam
713 1286 755 1321 et
775 1273 1025 1320 Phaedriae.

332 1353 474 1402 Heus,
496 1349 780 1402 Nausistrata,
812 1350 934 1413 prius
958 1361 1089 1410 quam
1111 1344 1215 1391 huic
1249 1341 1484 1408 respondes
1506 1352 1571 1386 te-

431 1442 564 1478 mere,
585 1425 700 1471 audi.
742 1423 791 1471 N
807 1438 857 1469 A.
901 1422 1007 1486 quid
1027 1419 1115 1467 est?

333 1499 431 1548 ΡΗ.
466 1505 563 1561 Ego
585 1503 723 1548 minas
746 1501 923 1561 triginta
933 1514 1014 1563 per
1024 1496 1234 1545 fallaciam
1245 1492 1296 1542 ab
1310 1493 1385 1540 '1110
1399 1490 1571 1540 abstuli:

260 1716 314 1758 39
341 1704 447 1744 Faxo
466 1703 535 1744 tali
550 1716 627 1744 eum
644 1701 862 1756 mac‘latum]
966 1712 1022 1754 44

1509 1586 1570 1631 50

1050 1697 1175 1739 Nostri
1194 1697 1341 1748 aliquot
1361 1706 1447 1733 cum
1463 1697 1571 1735 Bem-

205 1765 279 1803 Pro
302 1773 350 1800 eo
372 1760 474 1813 quod
495 1760 548 1799 est
566 1759 659 1798 Eum
676 1762 800 1812 (Ergo
822 1760 864 1797 in
912 1755 1010 1794 bino
1028 1755 1131 1793 resse
1151 1756 1293 1794 Merito
1307 1752 1473 1800 boemo,
1494 1763 1574 1789 ver-

203 1818 397 1857 Terentio
438 1819 612 1856 Donatus
652 1817 867 1868 noirlegit

206 1873 343 1925 Eum),
367 1872 414 1914 {ic
439 1872 664 1923 stequenter
695 1883 868 1911 veteres:

208 1932 380 1977 Ennius,
423 1929 553 1969 Omnes
589 1929 697 1967 corde
722 1940 868 1981 patrem

206 1984 395 2039 praebent,
416 1998 606 2038 ammoque
618 1984 771 2038 benigno
787 1984 868 2023 Cir-

214 2041 430 2092 cumfhsum.
485 2044 532 2081 D.

268 2101 374 2148 Lege
410 2109 457 2135 ex
497 2097 594 2136 Cod.
623 2100 717 2146 Req.
757 2096 866 2135 faxo

214 2166 293 2192 eum
315 2151 382 2191 tali
401 2164 472 2190 etc.
505 2150 567 2194 Cf.
589 2154 729 2190 Heaur.
751 2164 802 2200 11,
825 2164 864 2203 3,

214 2219 307 2250 100.
365 2209 403 2245 Β.

268 2276 318 2314 41
365 2263 425 2302 Ad
469 2275 596 2300 aurem
645 2260 868 2314 obgannitis]

215 2322 458 2370 Frequenter
505 2319 544 2355 in
584 2331 716 2355 aurem
759 2317 871 2362 dicat,

217 2374 394 2428 Ignosce.
431 2373 614 2412 Gannitus
631 2374 870 2425 proprievox

217 2432 403 2482 vulpium.
463 2435 506 2470 E.

273 2501 325 2538 42
358 2486 455 2525 lllud
472 2485 747 2536 ljapostNunc²
768 2485 871 2536 quod

218 2543 260 2582 in
280 2543 407 2580 multis
430 2543 530 2580 libris
551 2552 661 2587 extat,
683 2542 871 2581 delecum

216 2598 334 2694 pibus
354 2598 499 2648 nostris,
522 2595 729 2640 obversum
742 2610 778 2638 et
793 2596 864 2637 sen-

234 2668 307 2693 um.
367 2659 406 2695 Β.

915 1811 1208 1864 fupostulante.
1265 1813 1306 1849 B.

971 1882 1024 1922 45
1046 1868 1149 1906 sieri
1173 1864 1362 1917 infi’c'tum]
1384 1862 1572 1903 Simonid.

916 1923 965 1964 Tti
990 1924 1060 1972 γεὶρ
1087 1930 1299 1970 ’γεγενημένον
1327 1922 1369 1958 ἐκ
1389 1919 1435 1956 ἐτ’
1455 1918 1574 1969 Effigiem-

916 1998 972 2018 τον
1001 1979 1083 2019 ἐ’ςςιι.
1142 1981 1187 2018 L.

973 2041 1027 2090 46
1069 2034 1238 2089 Ignosce:
1281 2044 1390 2069 orat:
1428 2025 1574 2080 confite-

918 2105 980 2132 tur
991 2109 1004 2129 .·
1017 2092 1171 2146 purgat]
1193 2087 1324 2128 Verba
1337 2086 1498 2124 venialis
1509 2085 1575 2124 sta-

918 2159 976 2186 tus
991 2146 1085 2195 sunt,
1103 2148 1257 2200 Jgunjw,
1273 2140 1485 2191 confitetur.
1524 2145 1573 2182 D.

976 2206 1074 2242 Orat
1094 2220 1107 2240 .·
1157 2199 1375 2249 confitetur:
1413 2198 1574 2251 purgat]

921 2262 968 2297 In
991 2259 1180 2309 postrema
1201 2266 1307 2306 parte
1319 2253 1578 2292 concluiitbe-

920 2315 1073 2352 noticia,
1102 2312 1290 2364 fiquidem
1320 2310 1435 2360 petit,
1463 2320 1501 2362 v.t
1528 2308 1576 2348 ad

920 2384 1082 2409 coenam
1102 2380 1268 2407 vocetur.
1323 2369 1367 2407 Ε.

979 2439 1033 2479 49
1068 2423 1210 2464 Versus
1239 2422 1383 2474 exigit,
1423 2432 1461 2460 vt
1491 2435 1579 2462 cum

924 2484 1024 2524 (ζωή.
1050 2495 1126 2520 vno
1147 2482 1297 2533 legatur
1312 2476 1513 2524 fullariam
1539 2489 1578 2517 vt

922 2537 1035 2590 supra
1056 2551 1113 2584 lv,
1145 2549 1179 2588 3,
1206 2539 1271 2588 67.
1304 2547 1421 2586 atque
1442 2547 1512 2585 pro
1532 2533 1578 2573 Il·

920 2594 954 2632 Io
975 2608 1057 2633 cum
1077 2592 1194 2631 tribus
1213 2590 1337 2632 codd,
1362 2589 1447 2639 Isto,
1471 2588 1575 2642 quod

920 2650 973 2691 cst
994 2649 1290 2689 contemnentis.
1351 2650 1390 2687 13.
