1875 3308
633 193 925 243 ADELPH.

1386 208 1448 258 73

226 323 362 379 Quod
383 324 579 386 mihique
599 321 831 387 heraeque,
866 318 1066 384 filiaeque
1096 318 1224 366 herili
1255 318 1334 368 est:
1376 341 1452 371 vae

322 399 478 446 misero
505 399 613 445 mihi
629 398 638 442 3

229 477 328 522 Tot
348 491 416 523 res
441 485 621 540 repente
642 472 993 525 circumuallant,
1038 470 1153 519 vnde
1173 474 1339 534 emergi
1359 491 1454 523 non

319 549 483 615 potest:

161 642 193 692 5
225 627 319 678 Vis,
342 624 516 686 egestas,
539 621 753 676 iniustitia,
776 622 976 675 solitudo,
1002 622 1191 669 infamia.

226 704 402 749 Hocine
425 701 643 748 seculum?
684 717 711 746 ο
732 699 909 750 scelera!
945 715 974 746 o
986 714 1146 760 genera
1170 697 1394 760 sacrilega!
1426 715 1457 747 ο

322 778 550 826 hominem
570 777 780 842 impium!

1362 845 1456 897 So,

82 995 333 1049 stomachanti
348 998 471 1036 minus
487 993 600 1035 verba
618 1008 750 1036 curan·
787 994 934 1048 fimper
947 1005 1183 1048 premuntur,
1215 1005 1251 1033 et
1267 1006 1458 1048 nunquam

92 1057 135 1093 ti.
165 1055 238 1106 Z.).
294 1054 356 1094 Sic
384 1050 517 1105 supra,
547 1053 681 1093 Omnes
711 1067 750 1091 o-

91 1113 200 1149 nmia.
255 1110 304 1149 D.

148 1178 172 1219 3
205 1165 323 1220 ,Quod
349 1164 526 1217 mihique,
555 1163 745 1217 heraeque,

83 1218 275 1274 filiaeque]
305 1222 408 1263 Mira
435 1222 475 1259 in
503 1218 612 1259 seruo
640 1219 748 1269 fides,

93 1291 212 1329 quum
237 1278 405 1328 primum
428 1275 463 1315 se
484 1288 602 1328 ponat
623 1276 662 1315 in
684 1277 752 1315 he-

94 1335 155 1372 rili
174 1333 296 1372 malo:
328 1345 366 1371 et
383 1331 466 1384 post
484 1331 540 1382 se,
567 1343 750 1373 matrem:

94 1389 136 1428 in
158 1390 286 1428 vltimo
310 1390 495 1441 puellam.
553 1388 667 1442 Qtod
684 1389 753 1427 mi·

95 1445 216 1497 hique,
237 1444 432 1496 heraeque,
451 1442 626 1497 filiaeque
644 1444 753 1484 herili

96 1502 160 1554 est]
200 1505 438 1540 Πολυσυ·.ὀετον
466 1498 686 1540 secundum.
715 1510 752 1539 vt

95 1560 259 1611 (Georg.
281 1570 352 1604 m,
379 1561 494 1610 343)
523 1580 578 1588 —-
617 1557 752 1595 Omnia

83 1612 212 1665 ficum
249 1615 508 1652 fit-memorius
533 1613 631 1664 Afer
659 1615 750 1666 agit,

95 1669 304 1722 tec'lumque,
321 1667 513 1721 laremque,
546 1670 664 1707 Arma
690 1680 747 1715 ue,

93 1725 403 1777 Amyclaeumque
424 1738 555 1773 canem,
578 1724 751 1775 Cressam·

96 1795 162 1834 que
178 1781 402 1834 pharetram.
460 1780 535 1819 Vae
545 1779 672 1830 mfiro
685 1781 752 1818 mi·

98 1836 185 1890 ΗΞ]
215 1839 384 1882 Ε’μπαθᾶς
411 1840 624 1883 σχετλιάζει.
651 1837 703 1877 D.

149 1906 177 1944 4
205 1891 506 1942 circumuallam]
531 1891 755 1932 circumval-

98 1947 178 1988 lant
198 1947 234 1988 se
254 1950 353 1988 circa
377 1961 458 1998 nos,
497 1958 536 1987 et
557 1947 694 2000 stipant
715 1945 753 1986 se

99 2006 280 2044 inuicem.
360 2007 458 2045 Nam
504 2002 753 2044 circumualla-

100 2074 180 2100 mur
210 2074 280 2100 nos
309 2072 349 2101 et
374 2062 481 2100 alim.
510 2070 640 2100 tamen
670 2074 754 2100 rara

100 2116 246 2156 locutio
283 2116 337 2156 est
379 2116 590 2167 (Vifiorius
628 2118 676 2156 V.
711 2121 752 2158 L.

101 2185 236 2221 xxxu,
266 2176 313 2221 6,
349 2173 556 2222 existimat,
585 2177 755 2215 Menan-

101 2227 211 2267 drum
231 2227 327 2268 forte
345 2226 449 2268 vsum
468 2227 545 2268 effe
563 2228 682 2268 verbo
698 2245 755 2266 πε·

102 2287 379 2335 ςιστσχίζισθει,
397 2286 500 2336 quod
519 2285 581 2324 hic
601 2285 755 2325 Teren·

104 2341 177 2379 tius
212 2337 466 2393 exp1·efferit).
528 2343 575 2381 Et
608 2344 756 2380 circum

99 2397 241 2436 uanam
254 2396 357 2443 dixit,
368 2398 473 2437 velut
484 2397 641 2436 inimica
652 2398 754 2434 acics

103 2463 235 2492 contra
275 2465 365 2491 nos:
409 2464 449 2493 et
476 2453 567 2492 ideo
597 2452 756 2500 addidit,

103 2508 206 2546 Vnde
227 2511 356 2563 emergi
372 2522 444 2548 non
457 2508 592 2563 potest]
621 2510 757 2559 Quum

101 2564 296 2616 impressio
319 2563 369 2603 est
388 2564 571 2609 hostium,
601 2563 648 2603 fic
669 2564 758 2603 dici-

103 2631 175 2659 tur.
207 2631 244 2658 vt
274 2621 485 2668 Sallustius,
510 2618 622 2673 Preffi
646 2620 758 2659 vndi-

101 2689 170 2730 que
189 2676 436 2716 multandam.
491 2677 653 2725 Cicero,
681 2677 759 2731 Qi

798 1064 1002 1107 emergunt.
1056 1055 1104 1093 Et
1130 1049 1304 1106 Emerg'i,
1336 1063 1457 1089 noue.

798 1111 900 1149 Nam
922 1120 1062 1162 emergo
1086 1106 1234 1151 dicitur,
1255 1118 1338 1145 non
1349 1119 1458 1145 emer-

793 1179 881 1221 gor.
918 1161 988 1203 sed
1021 1163 1112 1202 ideo
1145 1161 1198 1203 est
1224 1159 1327 1212 vsus,
1367 1162 1459 1214 quia

799 1232 910 1261 extra
927 1218 1246 1272 compofitionem
1273 1228 1311 1259 et
1330 1232 1457 1273 mergo

801 1288 842 1317 ct
872 1290 1018 1330 mergor
1036 1275 1140 1315 facit.
1197 1275 1298 1314 Vnde
1326 1275 1461 1329 emergi

775 1378 778 1382 ⁴
801 1347 876 1373 non
891 1332 1026 1386 potest]
1061 1331 1174 1377 Vnde,
1201 1328 1383 1370 absolute.
1408 1344 1461 1370 an

803 1389 908 1428 deest
937 1385 1061 1428 Illud?
1090 1401 1141 1427 an
1165 1387 1285 1437 Vnde,
1315 1399 1385 1440 pro
1411 1400 1460 1426 ex

802 1444 961 1500 quibus?
1016 1446 1064 1484 D.
1379 1451 1381 1454 '

857 1568 881 1609 ς
911 1556 989 1603 Vn,
1007 1553 1149 1610 egestas,
1169 1551 1460 1605 iniustitia‚sbli-

801 1614 919 1660 tudo,
960 1611 1134 1662 infamia]
1164 1614 1250 1651 Hae
1281 1623 1342 1649 res
1372 1608 1460 1650 sunt

801 1680 902 1718 quae
920 1666 1225 1706 circumuallant:
1249 1667 1313 1705 Vis
1334 1666 1460 1707 illata:

800 1723 949 1778 Egestas
976 1722 1088 1775 ipHus
1109 1722 1282 1773 puellae:
1314 1722 1464 1773 Iniusti-
1510 1732 1512 1735 ’

800 1784 854 1820 tia
872 1779 1046 1818 iudicum
1062 1779 1159 1817 illius
1171 1778 1374 1830 temporis:
1394 1777 1462 1817 So·

800 1835 922 1877 litudo
942 1849 964 1874 a
977 1831 1266 1874 defensoribus:
1301 1835 1460 1886 infamia

802 1891 850 1932 ab
871 1892 932 1940 iis,
954 1892 1020 1942 qui
1042 1889 1206 1930 credunt
1223 1891 1346 1941 pretio
1360 1891 1462 1929 vitia-

802 1959 891 1988 tam.
945 1950 1043 1988 Nam
1074 1957 1113 1986 et
1142 1947 1182 1986 in
1214 1944 1373 1986 subditis
1412 1946 1463 1984 suc

802 2003 936 2049 habes,
959 2002 1119 2057 Quando
1141 2015 1208 2058 ego
1234 2002 1370 2054 conscia
1393 2004 1462 2040 mi-

802 2061 843 2100 hi
860 2059 972 2112 sum,
998 2072 1113 2111 neque
1139 2061 1318 2111 pretium,
1349 2070 1463 2112 neque

802 2131 877 2157 rem
897 2118 1007 2156 vHam
1024 2112 1256 2168 interceffiffe.
1313 2118 1380 2156 D.·

856 2229 884 2270 6
924 2227 1066 2266 Hocine
1086 2225 1270 2280 ficulum]
1303 2226 1353 2265 t'v
1381 2222 1460 2266 ἔθει.

804 2284 1022 2335 Questurus
1044 2282 1274 2328 dehomine,
1295 2278 1461 2320 seculum

805 2337 951 2379 accusat
973 2340 1096 2391 prius:
1127 2348 1184 2383 vt,
1216 2350 1238 2374 o
1267 2338 1463 2388 tempora!

805 2410 826 2434 ο
847 2409 965 2435 mores
976 2399 991 2433 !
1023 2394 1315 2443 mmmmm-io,
1338 2391 1464 2432 secula

807 2454 846 2491 in
868 2450 1049 2490 omnibus
1060 2449 1401 2489 rebuslaudantm·:
1424 2460 1464 2487 vt

807 2511 926 2558 (Aen.
947 2519 976 2551 1.
998 2508 1113 2558 605.)
1145 2528 1201 2536 -
1228 2518 1318 2557 quae
1335 2518 1370 2544 te
1386 2517 1463 2543 tam

808 2564 902 2602 laeta
925 2561 1086 2600 talemne
1127 2559 1281 2600 Secula?
1338 2562 1371 2598 O
1386 2559 1464 2611 fte-

808 2620 905 2659 iera!
938 2632 959 2656 0
979 2616 1332 2672 gerzcrafitcrilega!
1361 2631 1379 2653 o
1401 2615 1465 2652 ho·

807 2678 937 2716 minem
971 2673 1209 2729 tmpurum!]
1250 2673 1367 2712 Muris
1408 2669 1463 2710 est

919 2733 951 2770 Ε
980 2744 1004 2784 ς
1349 2727 1465 2766 nimi
