1827 3180
302 97 386 138 DE
415 93 1299 138 GENERIBVS-COMOEDIARVM.
1416 105 1498 148 599

119 212 218 252 Nam
235 211 412 249 Donatus
428 206 496 258 qui
518 205 578 245 bis
599 203 775 246 recenset
793 217 940 260 genera
959 204 1198 255 Fabularum,
1221 206 1262 244 in
1276 205 1391 256 priori
1411 205 1501 245 loco

121 274 398 306 commemorat
416 263 604 310 palliatas,
630 262 771 302 omiffis
789 261 1009 314 crepidatis
1023 276 1034 308 3
1064 261 1267 314 posteriori
1295 273 1385 302 vero
1406 261 1501 301 Cre-

121 322 341 375 pidatarum
370 319 497 358 iniicit
514 320 781 367 mentionem,
809 317 1079 370 praeter-mistis
1098 317 1279 358 Palliatis.
1334 319 1424 358 Huc
1442 328 1501 355 ac-

121 377 246 423 cedit,
272 375 397 427 quod,
437 374 768 427 quemadmodum
787 377 960 427 Togatas
987 374 1091 413 recle
1118 374 1372 426 interpretari
1388 373 1501 424 postis

113 434 344 489 ⁵Calceatas;
370 433 422 470 ita
446 432 619 472 Palliatas
638 429 938 480 meliusdixeris
957 429 1202 482 Crepidatas.
1259 432 1358 470 Nam
1378 429 1502 467 vtcal-

120 490 179 528 cei
197 488 344 541 proprii
366 499 478 527 erant
499 499 635 540 togae,
665 488 717 528 ita
738 485 866 526 soleae
882 487 945 526 vel
964 487 1148 538 crepidae
1167 486 1287 538 pallii.
1341 485 1502 526 Tertul-

121 546 249 584 lianus
269 555 373 583 certe
394 546 528 583 calceos
548 553 655 582 vocat
669 547 861 597 proprium
876 555 985 598 togae
1003 555 1252 586 tormentum,·
1281 553 1397 593 atque
1408 541 1501 580 Sue·

120 602 250 640 tonius
269 599 360 640 Tib.
385 613 444 653 ¹3·
465 601 529 649 ait,
545 599 761 647 Tiberium,
782 596 937 652 depofito
954 601 1100 652 patriae
1121 597 1262 647 habitu,
1279 595 1501 654 redegiffifi

120 658 173 698 ad
182 655 340 711 pallium
361 669 395 695 et
413 658 589 708 crepidas.
622 654 741 696 Conf.
762 656 955 707 Apuleius
977 654 1047 694 lib.
1072 669 1110 697 2.
1131 655 1274 696 Florid.

205 714 413 753 Attellanae
434 711 556 752 diciae
578 708 676 760 sunt,
697 711 912 751 aucioribus
932 711 1132 754 Diomede
1153 711 1218 750 lib.
1239 724 1307 751 111.
1318 720 1358 750 et
1368 713 1504 751 Euan-

123 769 207 810 thio
232 770 280 808 de
300 768 491 810 Comoed.
514 778 554 807 et
572 769 689 820 Trag.
710 781 731 806 a
751 769 906 807 ciuitate
923 769 1330 819 CampaniaeAttella,
1352 767 1413 805 vbi
1427 767 1503 818 pri-

121 839 232 865 mum
264 824 335 864 lint
366 825 482 864 auae.
541 824 811 864 Continebant
838 834 965 863 autem
994 835 1266 877 argumentum
1297 823 1446 862 humile
1463 833 1503 862 et

122 881 325 922 ludicrum.
379 881 479 922 Tale
497 893 624 934 genus
643 879 800 920 fuerunt
825 880 928 932 apud
945 883 1116 920 Graecos
1136 879 1338 932 Satyrione,
1358 880 1398 918 in
1419 879 1505 930 qui·

123 938 217 986 bus,
254 938 408 976 auctore
425 936 640 984 Diomede,
666 950 748 975 non
770 940 897 990 Reges
928 948 994 976 aut
1011 940 1185 984 l-leroes3
1213 935 1278 976 sed
1295 937 1419 990 Satyri
1448 935 1505 974 lu-

123 993 246 1034 dendi
268 990 376 1032 causa
393 993 624 1044 iocandique
639 992 934 1033 inducebantur.

207 1050 412 1102 Reperitur
439 1049 542 1101 apud
570 1049 784 1100 Scriptores
813 1062 940 1103 genus
965 1048 1158 1097 Fabulae,
1193 1049 1298 1100 quod
1315 1046 1504 1089 Diomedi

124 1106 308 1158 Planipes,
327 1108 484 1146 Donato
497 1105 748 1158 Planipedium
768 1105 917 1155 dicitur,
939 1106 1045 1158 quod
1066 1106 1112 1144 ad
1131 1102 1298 1144 ludici-as
1319 1115 1359 1144 et
1378 1105 1504 1144 mimi-

126 1176 188 1202 cas
208 1162 352 1202 fabulas
375 1160 624 1202 referendum
642 1159 719 1202 esse
738 1162 912 1209 videtur3
942 1175 1063 1214 quare
1074 1162 1288 1202 Diomedes
1306 1170 1505 1212 comparat

125 1233 213 1259 cum
235 1221 471 1259 Graecorum
492 1218 629 1257 Mimo.
684 1218 969 1270 Appellationis
996 1231 1089 1257 vero
1120 1217 1227 1257 causa
1256 1228 1295 1257 et
1316 1218 1427 1269 origo
1448 1216 1504 1254 est

125 1277 284 1316 incerta.
339 1271 422 1325 lpse
438 1274 653 1315 Diomedes
674 1273 736 1312 hic
752 1275 923 1314 fiufiiuat:
956 1273 1029 1314 dici
1049 1274 1156 1312 enim
1177 1285 1284 1325 putat
1302 1274 1363 1313 vel
1383 1272 1429 1312 ab
1442 1285 1504 1319 eo,

125 1331 234 1382 quod
246 1329 479 1384 gHisti-iones
503 1331 627 1383 planis
657 1329 820 1382 pedibus
834 1360 843 1377 ,
874 1328 911 1368 h.
931 1343 963 1369 e.
983 1329 1099 1368 nudis
1112 1359 1122 1377 ,
1153 1330 1231 1369 sine
1251 1329 1447 1369 cothurnis
1465 1338 1506 1368 et

125 1386 256 1435 soccis,
285 1387 419 1438 quales
450 1388 492 1425 in
515 1386 750 1439 Tragoediis
778 1397 816 1425 et
836 1385 1064 1427 Comoediis
1087 1385 1390 1433 adhibebantur,
1420 1397 1506 1436 pro-

128 1444 294 1482 dierint:
327 1444 387 1481 vel
406 1440 513 1494 quod
533 1455 612 1481 non
633 1445 672 1482 in
694 1440 873 1495 suggestu
891 1442 1061 1489 Scenae,
1095 1438 1158 1481 sed
1177 1444 1219 1482 in
1235 1443 1348 1496 plano
1371 1440 1506 1480 orche-

127 1500 224 1540 ssrae
242 1498 368 1550 pofitis
388 1498 647 1538 instrumentis
667 1499 830 1538 mimicis
849 1510 910 1537 res
930 1497 1003 1537 {int
1017 1498 1134 1537 aciae.

211 1557 411 1594 Praeterea
437 1567 762 1594 commemoratur
790 1568 810 1593 a
839 1556 999 1594 Donato
1027 1554 1168 1597 Μικτδς.
1224 1555 1372 1593 Verum
1400 1551 1506 1592 forte

128 1611 184 1652 est
200 1612 305 1650 locus
327 1621 542 1663 corruptus,
567 1620 606 1649 et
626 1610 842 1663 legendum
863 1609 918 1649 est
935 1611 1090 1651 Mimas.
1145 1610 1244 1649 Nam
1263 1621 1302 1649 vt
1321 1610 1448 1652 Μικτός
1465 1619 1505 1648 et

128 1667 357 1708 Rhintonica
377 1667 439 1705 hic
459 1667 699 1717 copulantur,
724 1668 776 1706 ita
793 1666 871 1706 alio
893 1667 992 1714 loco,
1013 1665 1075 1705 vbi
1097 1664 1233 1705 eadem
1260 1678 1319 1705 res
1340 1667 1508 1718 exponi-

130 1734 200 1772 tur,
222 1739 242 1763 a
261 1726 418 1764 Donato
441 1724 583 1762 coniun
609 1733 733 1762 ¹untur
751 1723 890 1762 Mimas
908 1734 947 1762 et
959 1721 1197 1762 Rhintonica.
1251 1724 1461 1763 Caeterum
1478 1720 1507 1760 fi

129 1781 218 1832 quis
245 1780 376 1818 locum
403 1776 538 1818 sanum
565 1736 643 1818 eise
660 1780 789 1827 malit,
823 1778 1237 1832 amplecstaturCuperi
1259 1775 1504 1826 sententiam,

131 1837 199 1887 qui
232 1833 380 1884 censet,
411 1834 537 1874 Μαι-δν
562 1833 673 1874 suiffe
696 1835 880 1875 Fabulam
908 1848 956 1874 ex
984 1835 1203 1877 Comoedia
1229 1845 1267 1874 et
1283 1834 1507 1886 Tragoedia

130 1893 300 1939 mixtam,
321 1891 384 1930 vbi
406 1894 530 1944 Reges
550 1892 809 1943 etPrincipes,
830 1888 1049 1942 altiorisque
1069 1890 1304 1929 conditionis
1325 1890 1507 1928 homines

134 1959 223 1986 cum
257 1949 346 1987 loco
381 1946 516 1986 humili
548 1947 647 1987 natis
675 1946 885 1988 introduffi
918 1947 999 1986 sint.
1063 1947 1211 1997 Quales
1237 1946 1308 1986 fint
1337 1947 1507 1998 Cyclops

133 2003 341 2054 Euripidis,
372 2014 411 2042 et
431 2004 552 2043 Plauti
569 2003 806 2056 Amphitruo
816 2016 827 2050 ;
858 2016 978 2055 quare
997 2004 1148 2044 Plautus
1177 2016 1247 2053 per
1266 2004 1395 2040 iocum
1420 2014 1508 2041 eam

134 2059 330 2097 vocauerit
348 2058 709 2113 Tragicomoediam:
739 2073 854 2110 quam
875 2061 990 2109 vulgo
1006 2060 1422 2110 maleinterpretentur
1438 2071 1511 2108 per

134 2114 409 2166 Tragoediam,
438 2116 544 2154 cuius
563 2116 689 2154 exitus
709 2114 750 2153 sit
769 2113 875 2153 felix.
931 2118 1066 2155 Errare
1093 2115 1201 2152 enirn
1232 2114 1334 2153 reete
1352 2125 1511 2153 conten·

136 2169 196 2208 dit
215 2172 392 2220 Cuperus
412 2182 490 2215 eos,
511 2172 578 2221 qui
599 2171 758 2218 τραγικόν
778 2171 830 2209 de
851 2167 932 2209 casu
956 2170 1112 2209 funesto
1141 2181 1181 2208 et
1202 2168 1342 2208 acerbo
1369 2170 1511 2208 intelli-

137 2236 253 2277 gant;
283 2237 369 2263 cum
390 2224 579 2277 lignificet
606 2238 687 2263 rem
706 2238 905 2277 magnam,
935 2238 1097 2279 grauem
1118 2236 1154 2264 et
1182 2222 1379 2273 sei-iosam,
1409 2237 1512 2277 quae

137 2279 218 2320 sola
236 2281 407 2334 Regibus
429 2292 468 2318 et
489 2280 684 2320 lleroibus
710 2282 932 2321 conueniat.
990 2285 1126 2321 Extare
1144 2282 1251 2319 enim
1273 2281 1512 2334 Tragoedias

137 2338 351 2388 Euripidis,
382 2337 500 2375 veluti
519 2336 716 2383 Orestem,
749 2350 851 2387 quae
878 2338 1021 2376 laetum
1051 2334 1254 2375 sortiantur
1273 2338 1446 2386 exitum3
1473 2351 1514 2379 et

139 2405 344 2432 occurrere
368 2391 617 2441 Comoedias,
647 2393 762 2432 veluti
784 2391 885 2442 apud
908 2394 1091 2438 Plautum,
1115 2405 1273 2442 quarum
1293 2391 1380 2433 finis
1400 2393 1515 2434 littri·

138 2448 202 2487 stis
222 2461 263 2488 et
283 2447 430 2488 infelix.
488 2449 663 2488 Plautum
685 2449 816 2501 igitur,
836 2458 875 2486 vt
894 2447 1060 2488 diuersas
1079 2447 1272 2499 personas,
1292 2449 1453 2488 illustres
1473 2463 1513 2490 et

139 2502 320 2552 humiles,
343 2506 392 2542 ita
412 2514 450 2542 et
468 2499 615 2543 diuersa
632 2505 793 2545 nomina
811 2501 986 2543 iunxisse.
1044 2503 1153 2544 Idem
1174 2518 1320 2546 nomen
1334 2518 1439 2546 certe
1451 2521 1516 2547 oc-

142 2563 257 2600 currit
278 2560 381 2612 apud
402 2561 769 2609 Harpocrationem,
801 2561 867 2611 qui
888 2561 1013 2605 tradit,
1043 2561 1230 2600 Alcaeum
1251 2559 1428 2613 scripliffe
1447 2565 1514 2605 Co-

140 2616 519 2672 moedotragoediam.
578 2617 788 2657 Caeterum
809 2616 961 2668 Cuperi
978 2628 1107 2658 veram
1126 2615 1175 2658 de
1191 2616 1263 2656 hac
1282 2630 1324 2657 re
1341 2616 1419 2659 effe
1436 2617 1516 2659 sen-

1438 2688 1519 2715 ten-
