1875 3292
316 197 416 246 520

672 204 675 206 -
712 178 868 227 ACT.
902 175 974 247 m.
1011 175 1206 224 scEN.
1240 175 1292 222 11.

455 309 583 359 Idem
602 309 691 357 hoc
710 308 805 362 tibi,
827 306 949 372 quod
968 305 1084 355 bene
1105 305 1377 372 promeritus
1399 301 1564 357 fuet-ir„
1596 315 1699 352 con-

558 386 863 451 duplicauerit.

454 459 569 516 Do·
609 461 755 510 Verba
790 459 915 508 istaec
951 458 1063 507 sunt.
1106 455 1221 507 AN.
1257 454 1590 522 Pamphilamne
1620 455 1703 502 hac

559 537 666 586 vrbe
695 539 862 603 priuari
883 534 1029 583 fines?

460 618 589 662 Tum
621 623 845 679 praeterea
876 612 1055 660 horunc
1086 626 1280 660 amorem
1314 607 1489 657 distrahi
1525 609 1705 675 poterin

563 693 654 756 pati
672 692 694 735 ’ἓ

464 764 578 816 Do.
619 770 785 831 Neque
805 782 916 828 ego,
949 779 1096 830 neque
1115 774 1180 812 tu.
1213 758 1324 810 GE.
1363 763 1426 810 Di
1448 759 1528 808 tibi
1551 777 1707 810 omnes

564 842 623 895 id,
652 843 774 906 quod
797 860 842 889 es
865 842 1041 903 dignus.
1073 839 1223 889 duint!

369 934 433 985 35
466 915 516 966 D
531 928 582 963 ο.
623 922 723 980 Ego
746 930 789 967 te
813 917 1053 984 compluris
1066 914 1299 964 aduersum
1312 914 1545 977 ingenium
1560 928 1712 961 meum

569 996 737 1043 menses
760 995 855 1043 tuli,

467 1069 812 1125 Pollicitantem,
844 1069 1049 1128 flentem,
1081 1079 1126 1117 et
1156 1068 1270 1116 nihil
1301 1068 1539 1116 ferentem:
1578 1083 1714 1122 nunc.

569 1160 721 1195 contra
743 1149 891 1196 omnia
908 1148 1029 1200 haec,

473 1227 668 1290 Repperi
703 1227 779 1288 qui
805 1223 903 1278 det,
939 1239 1085 1288 neque
1105 1221 1341 1269 lacrumet:
1383 1218 1609 1268 dalocum
1628 1235 1721 1266 me·

575 1299 775 1348 lioribus.

476 1374 590 1424 AN.
629 1380 758 1424 Certe
790 1375 963 1429 hercle,
996 1392 1081 1436 ego
1119 1373 1150 1422 fi
1182 1374 1276 1422 satis
1311 1373 1609 1426 commemini,
1640 1370 1722 1419 tibi

575 1452 758 1517 quidem
778 1452 839 1501 est
861 1452 969 1500 olim
993 1452 1100 1506 dies,

407 1683 457 1724 31
511 1672 852 1727 Conduplieaueriz]
905 1675 1011 1715 Con-

350 1727 567 1767 iuuffiuum
597 1742 669 1780 pro
701 1730 940 1775 indicatiuo,
971 1727 1012 1767 id

354 1783 433 1833 est,
484 1784 780 1837 Conduplicabit.
835 1787 920 1824 Hoc
959 1784 1014 1822 est

355 1841 483 1888 aliter,
517 1840 761 1880 Foeneratum
779 1839 865 1892 tstuc
890 1837 1017 1892 benefi-

354 1900 454 1937 cium
471 1897 622 1950 pulchre
642 1897 712 1938 tibi
730 1899 837 1937 dices.
890 1899 940 1938 D.

413 1955 543 1994 Placet
565 1955 774 1994 Vmor-iani
800 1964 839 1994 et
852 1953 1019 1994 Basilica-

359 2010 401 2049 ni
422 2011 495 2049 Hic
517 2024 587 2063 pro
608 2012 750 2064 vulgari
770 2011 878 2053 Hom
906 2010 946 2049 id
969 2021 1019 2048 ta-

356 2080 451 2106 men
472 2081 553 2107 non
578 2068 808 2107 admei-bium
823 2078 1017 2120 putamus,

355 2120 420 2162 sed
442 2136 674 2174 pronomen.
730 2128 770 2166 B.

415 2191 465 2234 33
519 2180 713 2221 ssafilicani
750 2181 905 2220 Horum:
945 2191 1017 2231 pro

357 2237 506 2290 vulgari
544 2238 688 2277 Horum
721 2237 859 2290 probat
891 2233 1018 2276 versus

362 2295 469 2332 ratio.
530 2298 571 2334 B.
831 2309 833 2312 ⁴

417 2362 470 2402 34
499 2353 572 2389 Pro
584 2349 646 2401 Est
667 2350 815 2406 dtgnum
833 2349 1019 2389 meliores

361 2405 446 2444 libri
467 2406 657 2445 exhibent
684 2420 745 2447 Es
771 2406 916 2462 dignus.
951 2409 992 2446 B.

1573 1527 1720 1579 Quam

1061 1670 1334 1713 Pollicitamem
1375 1682 1411 1708 et
1441 1667 1498 1708 nil
1524 1668 1723 1721 firmum,

1056 1727 1219 1781 flentem.
1275 1729 1489 1768 Caeterum
1510 1722 1607 1763 illud
1633 1726 1726 1764 Con.

1065 1798 1125 1824 ινα
1146 1786 1268 1821 omnia
1290 1783 1377 1821 haec
1394 1781 1448 1820 est
1467 1796 1484 1819 e
1513 1784 1700 1821 contrario
1712 1795 1727 1825 3

1067 1851 1107 1880 vt
1125 1839 1237 1881 Adel.
1266 1850 1299 1883 1,
1319 1853 1345 1884 1,
1371 1850 1433 1891 19.
1488 1840 1529 1878 Z.

1124 1903 1175 1948 38
1213 1893 1302 1936 Tibi
1322 1897 1465 1949 quidem
1494 1894 1582 1933 olim
1607 1892 1655 1945 est
1673 1893 1726 1934 di-

1066 1953 1120 2007 es]
1151 1953 1225 1992 Hie
1246 1952 1364 1997 Olim,
1395 1949 1513 1990 futuri
1531 1951 1728 2002 temporis,

1067 2012 1166 2052 Nam
1200 2009 1294 2048 leno
1332 2007 1382 2045 de
1419 2005 1645 2060 accipienda
1681 2007 1730 2046 ab

1068 2066 1114 2105 ad
1122 2062 1316 2105 olescente
1337 2064 1504 2116 pecunia
1516 2064 1620 2103 diem
1634 2076 1732 2103 con·-

1068 2121 1259 2162 stituerat:
1301 2132 1340 2160 et
1377 2122 1536 2160 inuenta
1575 2120 1730 2160 meliori

1069 2179 1310 2224 conditione,
1336 2177 1615 2228 anticipauerat
1638 2188 1732 2216 tem·

1069 2247 1142 2288 pus
1163 2247 1250 2274 cum
1277 2230 1526 2274 adolescente
1547 2233 1732 2286 praeseri·

1068 2302 1191 2345 ptum.
1249 2292 1298 2331 D.

1126 2349 1234 2388 Certe
1252 2345 1364 2386 hercle
1382 2360 1450 2402 ego
1464 2342 1508 2398 st
1519 2346 1620 2398 fictis
1638 2359 1732 2384 com-

1071 2404 1240 2450 memini,
1283 2402 1356 2443 tibi
1384 2404 1528 2456 quidem
1564 2401 1612 2453 est
1643 2401 1732 2440 alim

421 2465 474 2512 36
505 2463 677 2511 Flentem,
715 2464 810 2504 nihil
825 2461 1024 2515 ferentem]
1072 2462 1160 2509 dies,
1182 2473 1290 2514 quam
1309 2459 1362 2499 ad
1378 2460 1484 2498 dares
1506 2459 1602 2507 huic,
1628 2469 1735 2511 prae-

364 2515 474 2561 (ἷμοεον
516 2524 562 2565 τῷ
600 2527 688 2567 γένει
724 2519 1022 2573 (ὁμοιοτέλευτον.
1062 2517 1220 2570 stituta]
1251 2517 1288 2556 Si
1310 2513 1393 2555 satis
1413 2517 1455 2555 in
1474 2516 1662 2555 memoria
1678 2524 1733 2552 te-

366 2573 437 2615 Ed.
469 2586 541 2615 ver.
571 2580 729 2625 Vener.)
760 2576 935 2615 vsitaturn
959 2587 1021 2613 ve-

366 2630 522 2669 teribus.
580 2634 628 2670 D.

424 2687 625 2728 Bentleiuc
661 2701 746 2729 curn
781 2687 863 2729 aliis
892 2685 1027 2734 edidit,

1071 2586 1170 2621 neo,
1210 2572 1433 2624 praestituta
1466 2572 1550 2611 dies
1578 2569 1651 2617 est,
1687 2571 1730 2608 in

1076 2643 1191 2681 quam
1213 2628 1318 2671 diem
1341 2628 1551 2683 pecuniam
1569 2625 1658 2666 huic
1671 2625 1733 2667 da-

1079 2697 1152 2727 res.
1207 2687 1253 2728 Ε.

1832 460 1833 463 „
1828 355 1837 379 ,-

1853 357 1863 467 Q<,„-s
