1859 3196
626 220 675 265 H
685 218 766 271 EC
775 218 811 262 Y
824 217 860 261 R
871 217 929 264 A.

1344 216 1439 277 3⁶5

115 370 179 419 95
216 354 432 400 Oremus:
463 347 709 396 accusemus
733 347 930 407 grauius:
972 342 1162 406 denique

211 430 490 478 Miuitemur,
514 423 542 470 si
564 441 664 471 cum
686 423 761 468 illo
786 420 987 467 habuerit
1005 436 1100 466 rem
1119 414 1280 483 postea.

181 532 187 537 -
212 506 249 551 L
267 522 311 551 Α.
350 505 522 549 Faciam
553 511 598 546 vt
633 514 801 546 mones.
837 496 924 543 eho
945 511 1084 562 puer,
1115 510 1241 541 curre
1271 492 1323 540 ad
1342 495 1444 542 Bac-

312 577 485 624 ebidem
511 578 621 622 hauc

213 656 413 702 Vicinam
440 650 654 706 nostram3
695 650 781 696 huc
803 664 935 696 euoca
957 645 1099 693 verbis
1118 648 1245 692 meis.
1319 705 1321 707 Ι

215 732 273 777 Et
294 741 335 775 te
359 746 438 776 oro
460 744 596 792 porro
619 729 664 771 in
686 726 765 772 hac
788 742 836 771 re
860 722 1029 769 adiutor
1041 720 1092 767 fis
1106 722 1229 768 mihi.
1254 719 1350 769 PH.
1374 720 1445 775 aha

91 824 183 857 100
216 805 486 852 Iamdudum
501 802 600 854 dixi,
619 801 822 863 idemque
843 815 960 845 nunc
981 797 1092 850 dico,
1113 798 1284 855 Lache5

1449 836 1460 862 k

219 884 402 927 Manere
423 874 673 924 affinitatem
692 877 803 922 hanc
825 878 937 922 inter
958 890 1038 919 nos
1063 873 1179 926 vole,

221 958 266 1003 Si
291 955 379 1001 vllo
399 953 533 1001 modo
555 951 614 997 est
634 965 680 998 vt
699 948 844 1016 pofflss
874 949 993 1012 quod
1017 948 1142 1012 spero
1166 947 1275 994 fore.

223 1028 312 1078 Sed
337 1024 424 1080 vin’
447 1023 584 1075 adeffe
606 1043 677 1075 me
700 1043 796 1080 vna,
822 1026 928 1073 dum
949 1022 1069 1071 istam
1090 1023 1337 1071 conuenis'?

93 1254 226 1301 Hanc,
267 1249 371 1303 quasi
401 1262 487 1290 eam
516 1250 749 1301 quaeinter-

94 1307 285 1350 tux-bat.fic
296 1309 402 1346 enim
415 1305 572 1345 sumitur
584 1306 654 1343 hoe
666 1317 750 1356 pro-

90 1378 263 1406 nomen:
290 1375 338 1412 vt,
364 1363 531 1402 Hancine
551 1375 613 1416 ego
635 1365 750 1399 vitam

93 1419 198 1475 ραν-’β’
210 1419 384 1473 perdere?
413 1423 469 1464 Et,
505 1418 656 1469 Tuoque
672 1421 750 1454 ani-

97 1492 193 1516 mam
214 1475 305 1514 hanc
325 1474 509 1526 effimdere
528 1474 686 1511 dextra?
717 1471 755 1510 id

101 1531 168 1579 est,
197 1533 345 1571 malam.
407 1530 530 1579 Hanc]
563 1528 678 1580 Quasi
701 1527 752 1566 di-

103 1600 176 1633 cat,
198 1599 297 1638 quae
321 1599 391 1625 nos
406 1585 612 1638 perturbat.
670 1585 755 1623 Pri-

102 1644 219 1697 mum]
250 1647 354 1682 uene
372 1642 557 1682 Pramum:
589 1651 625 1679 vt
644 1640 752 1678 iutel-

98 1702 266 1755 ligamus
278 1698 423 1738 deiude
435 1696 689 1748 Pamphilum.
709 1697 757 1735 D.

160 1768 212 1809 95
257 1755 429 1800 oremus]
469 1757 609 1793 Vtrum
648 1764 758 1804 roge-

105 1819 213 1853 mus?
247 1825 294 1848 an
316 1811 418 1860 quod
433 1808 485 1849 est
497 1809 632 1855 verius,
653 1808 759 1846 omni

108 1880 256 1923 genere
268 1867 352 1916 eloq
361 1867 412 1904 uii
425 1862 761 1907 commoneamus?

110 1925 213 1964 vnde
235 1924 412 1962 Oratores
433 1935 538 1959 orare
557 1925 760 1972 et'pcrora·

109 1995 149 2022 re
166 1980 369 2017 dicuutur:
396 1989 436 2017 ct
458 1978 598 2016 Orator
617 1988 763 2014 nomen

111 2047 270 2086 accepit.
302 2035 406 2086 Virg.
427 2036 546 2085 (Aen.
571 2045 628 2077 v1‚
655 2034 764 2082 124.)

119 2091 273 2134 Talibus
318 2088 452 2128 oraha:
495 2089 609 2127 (Ιὶέῖὶς.
669 2091 765 2127 Nam

53 2148 67 2154 ‘
114 2148 179 2200 qui
204 2157 302 2193 orat,
337 2143 568 2184 accusaturus
588 2154 650 2182 aut
667 2156 766 2181 com·

114 2203 330 2242 moniturus
362 2212 454 2240 orat.
524 2201 690 2242 oremus]
725 2197 767 2237 ld

118 2258 193 2305 est,
227 2259 458 2306 eloquamur.
514 2255 638 2294 Potest
659 2255 766 2293 intel-

119 2314 189 2366 ligi
211 2325 248 2350 et
269 2313 476 2364 Rogemus:
501 2309 564 2349 sed
586 2322 662 2347 nou
684 2322 771 2348 con-

120 2370 232 2408 uenit
243 2362 428 2418 persunae
442 2368 601 2416 potiori,
630 2377 667 2403 et
689 2378 770 2403 cau—

1355 1098 1455 1146 Lm

799 1245 977 1300 nostram]
1009 1245 1070 1286 Sic
1087 1244 1230 1291 maluit,
1247 1257 1364 1296 quam
1374 1246 1456 1284 med

799 1305 977 1342 reu-icem
1006 1302 1156 1341 dicere:
1188 1313 1241 1340 ne
1269 1313 1388 1353 graue
1411 1299 1455 1340 fit

800 1373 885 1398 cum
907 1371 953 1397 ea
971 1356 1051 1397 seni
1073 1358 1188 1408 loqui,
1209 1356 1278 1395 nifi
1300 1357 1390 1408 quia
1403 1357 1458 1395 vi-

801 1417 885 1454 cina
911 1413 975 1453 est.
1030 1416 1076 1452 D.

861 1474 965 1522 Lege
985 1481 1031 1506 ex
1052 1467 1170 1506 tribus
1188 1467 1341 1517 nostris,
1376 1467 1459 1507 Eho

807 1540 923 1572 curre,
940 1538 1042 1578 puer,
1063 1525 1112 1563 ad
1130 1524 1263 1563 Bacch.
1284 1523 1318 1563 h.
1362 1526 1400 1563 B.

861 1589 912 1634 93
954 1583 1034 1621 Huc
1063 1594 1168 1618 cuoca
1201 1577 1323 1619 verbis
1349 1579 1458 1634 meis]

805 1642 912 1679 Bene
930 1636 1077 1676 seruata
1094 1633 1360 1687 suntpersonis
1374 1649 1464 1674 con-

805 1694 996 1747 gruentia.
1053 1695 1148 1731 Nam
1177 1690 1348 1730 socerum
1377 1704 1466 1731 mo-

809 1762 904 1789 nere
925 1748 1024 1788 hanc
1044 1761 1124 1787 rem
1145 1758 1292 1786 tautum
1313 1748 1459 1798 decuit,

808 1819 890 1860 ¹nou
912 1806 1029 1844 etiam
1048 1804 1196 1843 facere:
1230 1814 1269 1843 vt
1283 1807 1465 1856 cumpel-

810 1864 884 1901 lice
911 1860 1011 1900 filiae
1040 1858 1125 1898 suae
1143 1860 1269 1898 mitius
1291 1857 1468 1899 sei-moci-

813 1929 971 1957 naretur.
1029 1918 1076 1956 Et
1095 1916 1184 1955 Huc
1212 1929 1318 1955 euoca
1347 1915 1468 1956 verbis

812 1976 924 2014 meis:
954 1971 1059 2011 deest
1079 1986 1166 2010 eam.
1225 1976 1275 2013 D.

864 2042 919 2083 99
956 2032 1027 2068 Pro
1056 2026 1106 2065 Et
1134 2029 1259 2078 placet
1286 2027 1470 2067 Bembini

815 2087 886 2132 At3
918 2097 969 2123 ue
995 2083 1065 2123 hoc
1098 2084 1145 2122 ad
1173 2096 1335 2133 puerum
1362 2084 1470 2134 loqui

815 2143 999 2182 videatur.
1057 2144 1098 2180 B.

877 2209 954 2238 100
983 2199 1052 2235 Pro
1073 2195 1238 2247 Idemque
1254 2194 1352 2234 Cod.
1366 2197 1409 2236 C.
1422 2194 1470 2235 C.

816 2251 932 2291 habet
976 2252 1080 2290 refkc
1111 2251 1338 2302 Itidemque,·
1376 2252 1472 2290 aliun

819 2309 951 2347 Itidem
971 2307 1076 2358 quod.
1131 2309 1172 2344 B.

879 2375 956 2404 102
987 2362 1027 2400 Si
1048 2360 1120 2400 vllo
1141 2361 1248 2398 modo
1268 2359 1314 2411 cst
1331 2374 1375 2400 vt
1389 2359 1474 2415 pos:

120 2423 196 2473 sae,
215 2420 690 2473 etipsiverbm-umordini.
722 2421 770 2458 D.
811 2418 881 2472 fit]
913 2421 1075 2457 Manere
1104 2414 1267 2465 scilicet,
1299 2419 1360 2456 vel
1392 2416 1476 2458 fieri

178 2484 231 2532 96
263 2481 299 2517 Si
327 2491 404 2517 cum
429 2477 488 2516 illo
515 2478 680 2515 habuerit
698 2489 771 2513 rem

118 2536 259 2591 postea]
292 2538 342 2572 Vt
370 2535 409 2571 in
434 2531 642 2579 Eunucho,
669 2531 771 2584 Quo-

124 2606 205 2631 cum
225 2605 296 2630 vno
314 2603 392 2629 tum
411 2603 484 2628 rem
505 2586 676 2628 habebam
694 2586 773 2637 hof

119 2650 208 2704 pite.
267 2650 315 2688 D.

821 2485 858 2512 vt
878 2483 1040 2512 maneat.
1099 2473 1147 2512 D.

883 2542 955 2581 103
991 2529 1060 2569 Sed
1081 2527 1183 2578 vifite
1199 2527 1310 2580 adeffe
1321 2543 1373 2567 me
1383 2542 1475 2582 vna,

825 2586 912 2624 dum
947 2584 1047 2635 tstam
1075 2587 1297 2637 conuenis?]
1333 2587 1478 2627 Melius

825 2641 1156 2693 p1·01mncinue1·i8‚
1185 2639 1209 2678 ii
1227 2643 1419 2681 renitente
1439 2651 1478 2680 et

178 2716 234 2759 97
264 2700 477 2744 Bacchidem
504 2700 595 2742 hanc
619 2700 777 2740 vicinam
826 2696 1070 2750 improbante
1107 2694 1181 2736 hoe
1215 2697 1321 2738 vultu
1348 2697 1479 2736 dicere

1377 2766 1486 2791 accae
