1875 3292
396 235 490 286 372

810 217 969 264 ACT.
1000 217 1055 265 V.
1095 215 1294 263 SCEN.
1325 216 1360 262 1.

395 354 403 378 '-
432 368 496 402 20
531 351 654 398 Nam
672 360 818 412 neque
843 346 918 394 ille
938 346 1025 394 hoc
1047 347 1195 393 animo
1219 346 1304 393 'erit
1321 354 1521 401 aetatem,
1544 362 1691 414 neque
1700 350 1782 416 pol

633 434 683 472 tu
706 423 856 470 eadem
876 420 974 470 istac
994 431 1146 469 aetate.
1830 470 1832 473 ,

490 539 492 541 .
535 498 641 551 BA.
678 502 792 555 Quis
817 499 862 547 id
879 494 973 552 ait?
1011 495 1103 548 LA.
1148 497 1308 546 socrus.
1345 494 1448 546 BA.
1482 499 1645 549 mene?
1665 497 1785 550 LAss

633 587 679 624 te
700 578 859 645 ipsam:
889 586 933 624 et
953 572 1084 626 filiam
1107 573 1285 626 abduxit
1303 573 1446 625 suam:

400 817 489 847 non
506 802 694 849 habeant,
719 811 757 844 et
774 802 816 842 in
835 801 919 843 aliis
941 803 1067 842 incer-

403 872 484 902 tam
515 871 647 901 teneat
672 856 822 907 sedem,
851 861 954 900 reite
985 857 1066 910 spu-

402 920 507 959 rium
525 927 697 970 putatur.
751 919 857 956 Tum
878 914 1010 957 Bemb.
1024 924 1067 954 et

403 976 505 1015 Vin.
534 974 659 1023 reete,
691 972 795 1014 Dum
821 971 893 1014 tibi
927 984 1067 1027 tempus

407 1045 436 1071 c.
457 1046 485 1070 e.
542 1033 585 1070 B.

408 1149 411 1152 ’
459 1156 515 1187 20
543 1143 648 1184 Nam
673 1152 785 1194 neque
813 1141 872 1183 ille
899 1140 971 1181 hoc
992 1143 1071 1182 ani-

405 1215 464 1241 mo
484 1203 556 1240 erit
572 1199 746 1253 aetatem]
778 1199 960 1246 Aetatem,
983 1211 1069 1250 pro,

403 1270 486 1297 tam
509 1256 574 1296 diu
593 1267 709 1308 quam
725 1256 845 1307 longa
878 1255 932 1294 est
951 1264 1069 1295 aetas.

407 1314 543 1367 Neque
570 1312 638 1366 pol
662 1323 705 1351 tu
723 1311 848 1350 eadem
864 1311 956 1364 tstac
974 1324 1073 1351 aeta-

405 1375 459 1424 te]
491 1371 612 1416 Σχῆμκ
631 1368 720 1414 λόγε
739 1367 855 1411 mensi.
883 1369 1069 1420 priusAe-

403 1440 519 1468 tatem
536 1423 780 1472 adum-bium,
813 1434 856 1464 et
876 1423 1069 1476 posterius

406 1492 570 1524 nomen.
628 1484 678 1522 D.
707 1487 710 1491 ’
866 1514 867 1517 ,

460 1540 552 1580 Erit
572 1537 747 1591 aetatem]
778 1536 828 1578 τὸ
845 1550 1006 1579 aetatem
1027 1538 1069 1577 In

405 1607 499 1636 vett.
526 1594 618 1634 libb.
650 1604 691 1633 et
716 1592 786 1637 Ms.
814 1598 858 1636 R.
893 1592 1070 1635 omiffum

407 1651 473 1691 est.
528 1654 570 1690 L.

463 1708 632 1747 Aetatem
660 1705 763 1744 male
791 1705 898 1745 abest
924 1706 966 1745 in
998 1718 1070 1745 no-

405 1762 500 1804 stris.
559 1766 603 1803 B.

464 1885 515 1917 21
551 1870 647 1928 Qis
675 1872 717 1914 id
741 1873 855 1929 ait?]
885 1874 978 1913 Non
1012 1874 1070 1913 in-

408 1933 633 1985 terrogatiO,
646 1928 709 1970 sed
720 1930 826 1970 firma
835 1932 992 1984 negatio
1004 1929 1069 1969 est.

408 1988 507 2042 Quis
538 1988 578 2026 id
602 1987 710 2042 ait?]
740 1990 874 2039 Quum
895 1987 996 2026 dieat
1018 1983 1070 2026 se-

409 2058 501 2094 nex,
521 2044 652 2084 Meam
664 2056 825 2096 receptas
835 2042 985 2094 filium:
1003 2043 1068 2082 mi-

407 2115 492 2141 rum
519 2100 573 2139 est
592 2101 697 2139 illam
720 2100 872 2150 dicere,
909 2101 1003 2195 gistis
1030 2099 1071 2138 id

406 2160 493 2197 ait?
518 2152 584 2196 sed
604 2156 652 2195 ab
673 2155 884 2196 accusatore
903 2167 941 2195 te
975 2157 1066 2194 imo·

407 2215 521 2253 nium
552 2214 713 2265 quaerit.
771 2217 819 2254 Et
858 2213 963 2252 bene
991 2215 1068 2260 Ait,

407 2268 512 2322 quast
534 2282 685 2308 vanum.
712 2268 761 2308 fic
772 2271 881 2309 enim
893 2269 1067 2316 dicimus,

407 2329 499 2376 Ait,
531 2328 603 2375 aio,
639 2326 822 2366 derebus
841 2326 1068 2379 nugatoriis.

406 2380 503 2436 Quis
524 2383 565 2421 id
585 2382 691 2436 ait?]
722 2384 922 2424 Moraliter
949 2396 1071 2421 mere-

407 2440 481 2477 trix
502 2435 607 2477 miss'a
627 2437 718 2477 fecit
736 2441 877 2486 omnia,
909 2450 1009 2490 quae
1030 2439 1069 2477 in

407 2495 580 2533 medium
603 2493 720 2534 senex
743 2496 932 2534 contulit:
961 2506 999 2534 ct
1020 2492 1070 2533 so-

409 2551 435 2589 li
465 2551 696 2600 intentioni,
728 2555 865 2592 Meum
895 2562 1068 2602 receptas

410 2604 532 2645 filium
547 2606 593 2644 ad
621 2618 658 2645 te
674 2608 935 2659 Pamphilum:
968 2607 1068 2657 Quis

409 2662 452 2700 id
493 2662 582 2705 ait?
634 2661 841 2716 respondit.
917 2662 1068 2716 Socrus]

408 2717 676 2768 Terribmter,
706 2720 808 2772 quafi
827 2733 926 2775 quae
949 2719 1067 2760 maxi-

1670 648 1784 720 Pue{

1116 813 1182 843 me
1198 799 1309 851 sciat,
1326 804 1328 806 '
1346 809 1388 841 et
1405 812 1507 852 quae
1525 798 1696 840 maxime
1713 798 1785 839 dos

1116 861 1205 901 leat.
1261 862 1369 912 Ergo
1396 869 1436 897 et
1464 857 1583 897 oculis
1609 867 1647 896 et
1665 854 1782 896 labris

1117 915 1456 969 pronunciandum
1475 913 1539 953 est.
1597 912 1649 953 Et
1658 910 1784 964 filiam

1117 972 1285 1012 'abduxit
1297 971 1425 1026 suam]
1455 969 1620 1012 Addidit
1639 968 1686 1008 ad
1698 981 1788 1022 pet-v

1117 1027 1250 1082 sonam
1270 1027 1373 1068 testis
1394 1038 1434 1067 et
1451 1025 1564 1067 faRa:
1596 1027 1685 1079 quia
1711 1025 1788 1065 mi-

1120 1098 1195 1126 nus
1236 1084 1427 1124 idoneum
1461 1083 1687 1132 videbatur,
1725 1079 1789 1121 so-

1121 1155 1228 1182 crum
1257 1138 1393 1181 dixiffe
1424 1140 1475 1180 de
1504 1140 1656 1193 pellice.
1688 1149 1727 1178 et
1747 1136 1792 1178 fi-

1120 1199 1204 1238 mul
1235 1197 1405 1237 ostendit
1430 1207 1679 1249 quantopere
1710 1193 1790 1234 hoc

1121 1253 1518 1295 animaduertendum
1543 1252 1606 1302 fit,
1637 1265 1687 1291 ex
1707 1264 1789 1303 quo

1122 1322 1256 1351 tantae
1292 1310 1429 1350 turbae
1456 1309 1530 1349 {int
1557 1309 1788 1348 concitatae.

1119 1367 1291 1409 Abduxit
1304 1367 1435 1421 fitam]
1472 1365 1666 1414 Abduxiz,
1694 1377 1789 1418 pro·

1120 1426 1219 1478 prie.
1273 1421 1409 1478 Arceffi
1434 1425 1541 1462 enim
1569 1423 1711 1462 dicitur
1732 1418 1786 1461 ad

1119 1483 1319 1522 maritum:
1348 1479 1494 1521 Abduci
1524 1494 1545 1518 a
1570 1479 1706 1519 marito
1728 1475 1786 1518 ac}

1121 1538 1344 1578 diuortium.
1397 1538 1461 1578 Sic
1485 1536 1627 1589 Vir-gil.
1660 1537 1782 1584 (Aen.

1120 1609 1157 1644 x,
1175 1595 1263 1649 79.)
1292 1593 1345 1635 Et
1362 1595 1516 1650 gremiis
1534 1592 1784 1645 abducerepa·

1119 1652 1224 1691 Has?
1280 1652 1330 1690 D.

1174 1707 1275 1762 ,qu's
1290 1707 1363 1744 'ait
1379 1705 1446 1744 hoc
1458 1705 1503 1757 ?]
1533 1707 1613 1744 Iam
1631 1716 1787 1757 negan-

1119 1761 1166 1800 tis
1188 1762 1260 1809 est,
1293 1761 1399 1812 quod
1420 1762 1784 1812 intentatojonten-

1120 1830 1160 1857 to
1190 1819 1250 1869 Z.)
1279 1817 1430 1856 crimini
1451 1817 1648 1868 quaeritur
1667 1816 1783 1857 testis.

1121 1873 1200 1914 Sed
1223 1887 1309 1913 cum
1331 1874 1453 1913 dietus
1471 1874 1602 1912 auster
1621 1871 1685 1920 est,
1716 1871 1782 1912 ad-

1120 1931 1210 1970 iecit
1229 1940 1506 1984 argumentum
1528 1929 1575 1968 ad
1591 1929 1786 1981 probatio·

1120 2000 1236 2035 nem,
1264 1986 1370 2038 quod
1398 1985 1518 2024 filiam
1539 1983 1700 2024 abduxit
1725 1982 1784 2025 su·

1119 2056 1190 2091 am,
1215 2042 1323 2094 quod
1344 2055 1506 2095 puerum
1527 2041 1577 2081 ob
1589 2053 1782 2083 eamrem

1121 2100 1220 2138 clam
1242 2111 1376 2139 natum
1393 2099 1516 2138 voluit
1535 2098 1784 2152 extinguere.

1120 2157 1397 2209 Purgationem
1431 2153 1544 2193 sumit
1561 2167 1612 2193 ex
1641 2155 1784 2194 iureiu-

1121 2213 1263 2262 randQ
1298 2212 1415 2252 Aliud
1437 2209 1640 2263 fiscirem.
1703 2210 1782 2251 Hie

1119 2271 1238 2322 (Hinc
1263 2270 1325 2322 Z.)
1354 2270 1431 2307 iam
1451 2266 1720 2309 Deliberatiua
1738 2267 1783 2306 il-

1120 2326 1157 2364 la
1192 2328 1322 2379 imago
1356 2324 1419 2366 est.
1478 2324 1670 2363 Promittit
1699 2323 1782 2374 qui-

1121 2381 1212 2422 dem
1238 2383 1312 2429 illa,
1349 2392 1387 2420 et
1405 2389 1684 2419 commemorat
1701 2392 1782 2419 ma-

1121 2452 1238 2492 gnam
1274 2436 1418 2476 faciens
1455 2435 1778 2475 beneuolentiam

1119 2495 1214 2547 (fid
1227 2506 1491 2541 commemorat,
1510 2505 1584 2531 non
1595 2489 1780 2540 aliamfa—

1121 2564 1196 2590 cere
1224 2549 1315 2590 illud
1341 2552 1563 2589 meretricem
1597 2548 1656 2599 Z.)
1691 2545 1778 2598 post

1120 2608 1292 2658 nuptias,
1321 2608 1410 2658 quia
1439 2605 1560 2657 turpis
1594 2602 1648 2642 est
1672 2601 1778 2653 apud

1121 2674 1281 2715 nuptam
1308 2661 1517 2704 meretricis
1541 2658 1608 2701 ista
1634 2670 1777 2715 purga·
1852 2667 1868 2692 ⁴

1117 2721 1183 2761 tio.
1237 2722 1281 2762 E.
1501 2734 1503 2737 ’
1852 2738 1853 2743 =
