1875 3244
589 207 592 210 .
659 168 970 214 HECYRA.

1369 181 1463 231 243

229 304 376 355 Quam
398 285 554 362 cupida
567 314 682 344 eram
701 297 788 344 huc
800 294 1028 346 redeundi,
1050 290 1240 353 abeundi
1265 311 1287 340 a
1311 296 1461 352 milite,

224 376 398 438 Vosque
420 374 490 420 hic
513 374 703 425 videndi,
733 375 907 436 antiqua
929 385 974 418 vt
994 369 1306 418 consuetudine

222 453 449 512 Agitarem
471 453 585 496 inter
605 468 680 497 vos
703 449 838 495 libere
857 448 1128 494 conuiuium.

223 532 344 576 Nam
373 526 458 573 illic
478 526 584 573 haut
601 524 768 578 licebat,
790 523 868 570 nisi
888 521 1135 588 praefinit03
1157 520 1296 585 loqui,

72 631 74 634 -
130 622 189 654 20
227 607 352 658 Quae
375 603 436 649 illi
460 602 695 667 placerent.
735 599 830 647 PA.
867 599 1172 662 hautopinor,
1193 597 1428 647 commode

223 683 379 727 Finem
404 675 584 724 statuisse
606 678 792 725 orationi
815 676 1013 722 militem.

221 754 318 802 Pii.
355 755 438 801 Sed
473 753 579 818 quid
609 754 693 801 hoc
717 754 869 814 negoti
899 749 992 798 est?
1025 748 1161 798 modo
1184 766 1294 814 quae
1317 768 1461 799 narra·

320 833 385 877 uit
413 829 525 881 mihi

109 1084 111 1086 .
148 1055 198 1096 16
229 1052 310 1091 Huc
335 1049 531 1106 redeundi]
561 1052 706 1090 Iterum
726 1064 748 1089 a

88 1109 188 1148 loco.
255 1107 426 1148 Abeundi
462 1122 485 1147 a
529 1108 666 1150 milite]
711 1112 747 1147 A

87 1163 263 1217 persona.
326 1163 468 1217 Vosilue
494 1163 554 1204 hic
576 1163 745 1216 videndi]

87 1228 123 1262 A
143 1235 196 1260 re.
252 1220 450 1270 Redcutuli,
479 1221 647 1268 abeundi,
667 1219 748 1270 vo]2

89 1292 156 1330 quc
175 1279 230 1314 hic
250 1278 417 1331 videndi]
443 1278 621 1317 Oratorie
633 1290 748 1315 vnam

88 1348 170 1373 rem
190 1335 232 1371 in
251 1335 321 1373 tria
338 1333 472 1382 dinifii,
488 1336 570 1372 Huc
584 1333 748 1372 redeun-

88 1390 142 1435 di,
162 1389 347 1429 Abeundi
366 1404 387 1428 a
407 1392 530 1428 milite
545 1420 553 1435 ,
592 1386 748 1439 Vosque

89 1445 150 1484 hic
189 1445 367 1486 videndi:
401 1457 439 1485 vt
466 1446 634 1494 diceret,
662 1447 749 1484 Huc

89 1503 292 1549 veniendi.
350 1504 398 1542 D.

144 1565 191 1607 18
220 1561 416 1613 Agitarem
442 1558 540 1596 inter
557 1570 620 1596 vos
636 1555 749 1596 libere

87 1614 316 1667 conuiuium]
350 1615 456 1651 Inter
481 1627 585 1667 agere
601 1625 640 1652 et
662 1614 746 1668 agi-

87 1685 167 1712 tare
196 1669 269 1708 hoc
299 1668 477 1708 interest:
518 1668 630 1720 quod.
651 1674 748 1723 Age-

87 1741 151 1772 re,
183 1725 236 1765 est
263 1724 408 1776 aliquid
441 1726 604 1776 (excidit
634 1723 746 1772 forte,
780 1770 783 1772 ,

77 1781 238 1834 serium)
258 1782 316 1821 vel
335 1778 586 1821 neceffarium
595 1780 746 1821 facere:

89 1841 267 1891 signare,
321 1838 590 1889 voluptarium.
642 1841 747 1891 Ergo

89 1897 293 1949 Agitarem,
311 1906 545 1933 exercerem.
602 1896 654 1934 D.

150 1963 199 2003 19
238 1951 338 1990 Nam
373 1948 449 1988 illic
483 1949 577 1989 haut
616 1949 750 1990 licebat

89 2003 368 2059 nifi'praefinito
388 2006 505 2058 loqui]
534 2008 694 2060 Legitur
711 2017 750 2046 et

90 2061 166 2101 illi:
194 2074 231 2101 vt
260 2061 301 2100 iit
320 2062 587 2102 circumflexus
607 2076 750 2102 aecen-

89 2131 161 2165 tus,
181 2129 219 2158 et
239 2116 422 2170 significet
441 2120 538 2160 illic:
565 2129 605 2158 vt
624 2123 747 2170 (Aen.

90 2188 139 2220 11,
162 2176 292 2227 548.)‚
323 2172 382 2213 1111·
400 2188 476 2217 mea
496 2174 614 2226 tristia
624 2176 748 2228 fizc'ta.

93 2241 135 2270 et
157 2227 373 2269 absolutum
396 2229 462 2270 est.
520 2231 747 2285 praefinito]

90 2285 208 2328 Deest
226 2297 425 2336 tempore,
452 2297 517 2324 aut
538 2287 633 2338 quid
662 2288 748 2326 tale.

91 2339 184 2391 Ntst
206 2340 403 2396 praefinito
433 2343 546 2394 loqui]
584 2349 619 2384 A
657 2354 750 2381 tem-

92 2411 199 2451 pore.
254 2399 330 2437 Hie
360 2397 549 2450 ostendit,
577 2398 670 2450 quid
696 2398 750 2436 di-

93 2456 150 2494 xit
171 2451 289 2504 supra,
309 2454 398 2492 tuli:
430 2465 469 2493 et
486 2454 581 2506 quid
600 2454 642 2493 lit
658 2457 752 2509 Agi-

92 2524 174 2551 tare
218 2512 425 2549 conuiuium
468 2509 590 2550 libere.

87 2564 287 2620 praefinito
307 2565 427 2618 loqui.
457 2579 548 2618 quae
566 2564 621 2604 illi
633 2568 749 2618 place·

60 2636 73 2651 ¹
93 2623 194 2676 tent]
227 2626 313 2663 Duo
332 2621 446 2660 dixit:
480 2633 517 2660 et
530 2621 747 2673 Praefinizo,

95 2688 136 2718 et
159 2679 266 2735 Quae
292 2676 349 2720 illi
380 2679 589 2732 placerem:
616 2689 658 2721 vt
680 2692 749 2723 ne-

664 2509 758 2562 Nist

1367 904 1460 950 Hic

797 1060 878 1100 que
915 1057 1108 1099 quantum
1139 1046 1284 1097 velles,
1324 1060 1460 1100 neque

797 1104 903 1157 quod
923 1105 1053 1151 velles,
1075 1103 1235 1143 diceres,
1291 1105 1341 1143 D.

856 1162 958 1200 Nam
985 1161 1059 1199 illic
1077 1160 1173 1200 haut
1201 1157 1354 1208 licebat,
1390 1156 1464 1208 nist*

794 1216 1007 1269 praefinito,
1025 1218 1137 1269 loqui,
1164 1230 1255 1270 quae
1274 1215 1329 1254 illi
1340 1217 1457 1268 place-

796 1273 905 1327 bant]
936 1277 1033 1313 Nam
1053 1273 1157 1324 apud
1176 1273 1359 1318 militem,
1386 1271 1458 1312 nisi

799 1342 932 1378 certuS,
953 1327 1030 1368 effe
1048 1327 1171 1371 sermo
1192 1342 1272 1367 non
1294 1339 1456 1379 poterat,

799 1387 859 1425 vel
879 1387 917 1424 in
939 1399 1124 1431 numero,
1158 1386 1219 1425 vel
1238 1386 1279 1423 in
1301 1386 1459 1436 qualita-

799 1453 860 1487 te;
898 1452 938 1480 vt
965 1453 1005 1480 et
1041 1452 1233 1492 quantum
1267 1441 1453 1488 dicerem,

799 1496 1034 1552 praefiniret,
1046 1509 1085 1536 et
1097 1497 1191 1548 quid
1204 1497 1385 1536 dicerem.
1410 1500 1456 1537 E.

853 1559 927 1595 Pro
949 1554 1027 1593 Illic
1045 1557 1224 1595 Donatus
1243 1555 1345 1592 recle
1362 1554 1459 1606 legit

798 1608 874 1654 Illi,
930 1613 1020 1650 Non
1040 1612 1144 1649 enim
1163 1610 1273 1647 aliter
1291 1607 1358 1647 stat
1377 1623 1459 1648 ver-

796 1664 870 1707 sus.
927 1669 968 1706 B.

855 1735 910 1764 20
949 1723 1056 1761 Haut
1083 1722 1233 1772 opinor·
1250 1720 1457 1775 commode]

799 1778 1003 1827 Commode,
1023 1791 1092 1829 pro
1103 1776 1259 1823 blande,
1279 1776 1458 1817 etbene:

798 1846 848 1884 vt,
872 1836 1072 1889 Nunquam
1091 1847 1167 1874 tam
1183 1834 1280 1873 dices
1301 1847 1457 1873 commo-

797 1893 852 1932 de.
910 1895 960 1934 D.
998 1902 1000 1904 ·

854 1959 902 1989 21
947 1947 1073 1986 Finem
1094 1944 1259 1997 statut-ss}
1289 1947 1461 1984 orationi

797 2004 984 2059 militem]
1003 2008 1156 2055 Argute
1171 2002 1348 2040 militem:
1368 2002 1462 2052 quia

802 2062 903 2111 quali
925 2061 1103 2100 inimicus
1115 2056 1345 2105 (iterationi,
1359 2070 1461 2108 quae

798 2118 840 2156 ,in
864 2130 960 2169 pace
983 2116 1187 2167 plurimum
1209 2112 1344 2165 petest.
1375 2114 1425 2152 D.

857 2186 909 2215 22
939 2173 1009 2212 Sed
1027 2171 1119 2224 quid
1138 2171 1201 2207 hoc
1219 2170 1347 2224 negoti
1371 2167 1461 2222 est?]

799 2230 875 2269 Hic
898 2229 946 2278 ad
966 2236 1242 2281 argumentum
1261 2237 1365 2264 nunc
1383 2223 1463 2263 des-

800 2285 943 2324 cendit.
1010 2287 1055 2321 in
1092 2281 1346 2327 Phormione,
1390 2280 1463 2319 Sed

799 2341 893 2393 quid
911 2353 953 2379 tu
971 2353 1005 2377 es
1024 2338 1170 2388 tnstt's'!
1201 2337 1379 2388 praelatis
1392 2335 1459 2375 sci-

800 2398 893 2436 licet
912 2393 1226 2440 allocutionibus,
1261 2404 1302 2432 et
1318 2390 1462 2444 separa-

802 2464 925 2492 tarum
945 2463 983 2490 et
1003 2448 1269 2502 pei-mistarum
1283 2447 1462 2500 perfirma-

799 2523 903 2548 rum:
933 2521 984 2546 ne
1010 2508 1145 2545 ieiune
1172 2504 1219 2544 ad
1243 2518 1465 2558 ,argumen-

801 2576 881 2604 tum
918 2564 1103 2612 veniens,
1140 2574 1220 2600 non
1252 2563 1335 2611 (aut
1374 2561 1464 2600 dele

802 2623 920 2670 Non,
964 2631 1028 2658 aut
1060 2618 1213 2669 corrige
1248 2618 1360 2656 Nunc
1400 2619 1465 2668 Z.)

798 2691 917 2733 agere
935 2675 1135 2724 Fabulam,
1162 2672 1228 2714 sed
1249 2686 1406 2714 narrare
1418 2673 1470 2710 ri·

909 2736 949 2787 Q
981 2743 1007 2774 2
1359 2728 1472 2769 dere·
