1875 3308
621 208 917 255 ADELPH.

1366 221 1430 272 37

102 353 162 390 10
193 328 355 402 Neque
371 347 421 385 tu
441 335 585 384 verbis
607 335 744 383 solues
768 352 973 401 vnquam,
994 333 1114 399 quod
1136 336 1246 382 mihi
1269 351 1317 383 re
1338 353 1426 385 ma·

290 414 500 460 lefeceris.

189 491 318 539 Noui
347 505 431 549 ego
466 486 601 535 vestra
620 487 748 542 haec3
786 485 970 534 Nollem
992 481 1191 542 faE'cumz„
1213 482 1422 535 iusiuran-

290 564 397 610 dum
422 563 606 615 dabitur‚
639 573 682 609 te
704 558 788 607 effe

190 640 432 701 Indignum
473 640 630 685 iniuria
665 637 768 692 hac;
818 637 1010 699 indignis
1055 653 1196 702 quum
1244 647 1421 700 egomet

288 713 363 762 sim
387 724 586 778 acceptus
611 712 770 760 modis.
1292 765 1295 768 Ι

193 787 287 838 ΑΕ.
328 789 414 836 Abi
445 787 745 853 praestrenue‚
774 805 821 835 ac
842 788 958 837 fores
980 789 1118 855 aperi.
1154 785 1252 840 SA.
1288 797 1423 836 caete·

286 881 388 914 rum
412 865 497 913 hoc
522 864 633 912 nihil
657 863 776 913 facis.

54 1101 170 1130 meum
199 1090 255 1129 ius
283 1084 497 1141 perfiquar]
526 1088 615 1127 Hoc
643 1083 708 1132 est,

53 1145 269 1187 lenonium.
323 1143 453 1183 Meum
471 1145 547 1189 ius]
574 1145 711 1184 Meam

54 1200 287 1242 libertatem.

53 1271 117 1297 am
137 1256 352 1296 vindifiarn.
410 1260 508 1297 Nam
526 1255 639 1293 vtilla
659 1258 710 1293 in-

53 1315 155 1353 iuria
176 1312 238 1357 est,
267 1324 367 1363 quae
385 1310 427 1351 fit
447 1311 630 1351 innoxio:
658 1311 709 1348 ita

53 1371 110 1408 ius
130 1368 296 1408 vindieta
315 1369 387 1414 ina,
413 1381 513 1419 quae
536 1365 709 1404 redditur

53 1437 134 1464 reo.
189 1423 412 1476 Perfiquar]
433 1421 609 1463 Vlciscar.
643 1422 708 1464 Ci-
741 1449 745 1452 .

53 1493 158 1528 cero,
187 1480 240 1519 Tu
261 1481 345 1518 dum
365 1493 447 1519 mas
465 1480 622 1517 iniurias
641 1490 709 1529 per

54 1550 101 1584 te,
122 1537 162 1575 id
179 1537 281 1588 quod
296 1549 369 1574 non
383 1547 515 1589 potes,
535 1532 709 1587 perfiqm'

53 1595 212 1632 conaris.
269 1594 317 1631 D,

107 1648 232 1687 Huius
257 1660 326 1686 non
341 1644 507 1699 ficiam]
537 1647 623 1685 Hoc
642 1643 705 1693 est,

53 1717 107 1743 ne
125 1703 238 1742 huius
260 1702 407 1755 paruuli
428 1712 466 1739 te
489 1700 636 1748 faciam,
662 1713 704 1739 ac

52 1771 258 1812 propterea
294 1768 543 1797 contemnam
570 1770 613 1796 ac
640 1756 705 1796 de-

51 1813 217 1872 spiciam.
271 1817 313 1856 E.
459 1853 465 1857 .

110 1884 161 1914 10
178 1871 307 1924 Neque
320 1882 362 1909 tu
372 1867 496 1910 verbis
504 1868 624 1916 sblue5
636 1881 704 1908 vn-

51 1941 179 1981 quam,
212 1927 317 1980 quod
336 1926 427 1964 mihi
458 1934 499 1964 re
526 1926 705 1976 malefice·

51 1984 124 2038 ris]
149 1985 307 2028 Νομικῶς.
361 1979 572 2029 ErSolues,
603 1982 700 2027 lues,

52 2037 257 2090 persolues,
277 2038 316 2077 id
339 2037 403 2083 est,
424 2034 703 2085 satisfacies,rac

52 2105 92 2133 te
129 2094 317 2145 purgabis.
375 2093 428 2132 Re
464 2093 703 2146 malefic-nis]

51 2149 278 2192 Acuendum
289 2148 340 2190 est
349 2161 439 2195 re‚et
449 2148 569 2202 signifi
574 2159 706 2188 canter

49 2204 337 2257 proferendum.
393 2205 450 2246 lbi
493 2206 600 2244 enim
647 2204 703 2242 est

49 2258 250 2302 sententia.
303 2264 351 2302 Et
378 2262 463 2314 plus
491 2261 607 2307 dixit,
647 2260 700 2298 Re

51 2315 283 2370 malefica-is,
304 2331 419 2370 quam
439 2317 618 2357 Iniuriam
636 2317 698 2368 fi·-

50 2376 155 2413 ceris.
211 2378 262 2415 D.

110 2441 127 2472 1
140 2441 155 2471 1
183 2428 293 2470 Nous·
309 2443 373 2485 ego
382 2427 499 2481 vestra
516 2427 618 2479 haec]
637 2423 699 2468 ἒλ·

49 2491 173 2528 Αειψιςε
200 2484 302 2523 deest
320 2487 423 2523 enirn
447 2484 578 2524 Verba.
627 2483 700 2534 Iul:

47 2541 247 2581 iurandum
265 2539 425 2589 dabitur]
456 2544 541 2580 Hoc
563 2539 624 2588 est,
645 2542 698 2578 iu-

46 2596 212 2636 :abimus
241 2608 278 2636 te
306 2594 382 2634 effe
408 2595 697 2648 indignumlcui

50 2654 188 2693 iniuria
226 2650 295 2690 fiat'
328 2649 552 2691 huiusmodi.
618 2658 698 2692 Aut

48 2707 244 2762 separatim
262 2707 508 2760 iussurandum
525 2706 696 2749 dabitur:

348 1202 477 1240 Meum
505 1201 578 1244 ius]
624 1202 695 1240 Me
704 1221 712 1229 ·

1320 942 1422 988 Aa.

762 1095 803 1126 et
826 1082 1048 1136 separatim,
1076 1096 1112 1124 te
1135 1082 1197 1136 effi·
1223 1082 1420 1138 indignum

760 1145 899 1182 iniuria
949 1141 1027 1181 hac.
1083 1145 1133 1182 Et
1179 1139 1227 1178 fic
1265 1140 1418 1179 melius.

758 1197 889 1239 Verba
904 1198 1009 1236 enim
1029 1194 1274 1244 satisfaciunt,
1294 1207 1419 1246 quum

758 1267 818 1295 res
857 1254 1049 1306 colligitur
1090 1255 1133 1293 in
1169 1250 1421 1305 generalibun

758 1309 883 1350 causis
939 1312 1035 1350 Nam
1054 1306 1167 1360 saepe
1186 1309 1267 1347 irae
1279 1307 1418 1345 aclites

756 1365 1007 1406 iureiurando
1054 1362 1139 1404 sunt
1185 1363 1418 1403 terminatae

757 1422 866 1476 (Ebr.
887 1435 944 1470 w,
969 1422 1065 1468 16.).
1125 1420 1176 1458 D.

813 1474 1068 1525 Iufi'umndum
1078 1474 1246 1523 dabitur]
1269 1475 1417 1524 Quem·

757 1533 964 1573 admodum
991 1530 1138 1584 sponsio
1159 1541 1251 1569 ante
1280 1530 1417 1568 iudici-

757 1604 823 1629 um
842 1589 923 1628 fieri
943 1587 1045 1634 solet,
1069 1587 1120 1625 ita
1138 1585 1199 1625 hic
1218 1586 1325 1629 dixit,
1344 1581 1414 1623 ius-

756 1645 961 1684 iurandum
981 1643 1153 1691 dabitur,
1183 1640 1290 1693 quod
1311 1640 1414 1679 indi-

755 1714 855 1754 gnus
874 1699 1001 1747 fueris,
1024 1698 1089 1750 qui
1108 1696 1208 1737 hanc
1225 1697 1412 1736 iniuriam

753 1757 852 1796 mihi
870 1755 1028 1796 faceres.
1084 1757 1130 1794 E.

812 1824 863 1855 12
907 1813 1107 1866 Indignum
1139 1811 1279 1849 iniuria
1323 1807 1413 1862 hac]

752 1869 917 1910 Comice
963 1868 1163 1923 Indignum
1217 1876 1256 1904 et
1302 1864 1412 1904 Indi-

749 1929 844 1981 gnis.
901 1929 951 1966 D.
1294 1966 1297 1970 s

813 1992 860 2033 13
891 1977 1221 2032 Abipraqllrenue]
1249 1972 1412 2016 AutAloe·

748 2049 851 2090 prae,
874 2036 912 2075 id
926 2035 990 2075 est.
1009 2037 1131 2087 prior:
1152 2045 1216 2073 aut
1227 2032 1407 2084 Abiprae,

753 2093 793 2133 id
812 2092 878 2143 est,
899 2091 1026 2144 praei:
1057 2102 1106 2138 vt,
1128 2088 1407 2143 Iprae,fiquar.

736 2152 834 2189 <Aut
856 2147 1109 2200 praestrenue:
1140 2157 1177 2184 vt
1203 2147 1322 2196 (Aen.
1351 2154 1404 2194 xr,

752 2206 867 2256 213.)
901 2204 1130 2244 Praediuitis
1152 2199 1243 2239 vrbe
1255 2200 1402 2243 Latini,

750 2260 825 2300 Abi
850 2260 1092 2312 praestrenue]
1131 2261 1280 2308 Magna
1313 2268 1413 2310 con‘

746 2317 882 2356 temrio
903 2317 1092 2354 minarum
1111 2313 1284 2360 lenonis,
1315 2324 1400 2349 non

746 2369 981 2423 respondifl'e
1009 2367 1241 2410 Aeschinum
1278 2366 1327 2405 ad
1357 2379 1405 2405 ea

748 2441 849 2480 quae
879 2426 1036 2465 dixerat.
1105 2426 1300 2463 Caeterum
1332 2421 1402 2460 hoc

748 2484 847 2524 nihil
865 2484 984 2535 fhcis]
1019 2480 1131 2519 Nihil
1149 2493 1314 2532 pronon.
1334 2481 1404 2518 Le·

747 2543 850 2593 gitur
869 2549 908 2577 et
930 2538 1048 2593 rgihn'i.
1105 2541 1154 2578 D.

801 2594 1055 2644 Praestrenue]
1107 2591 1251 2640 Valde,
1293 2588 1399 2637 obse-

746 2661 923 2704 quenter.
981 2653 1023 2690 E.

797 2711 906 2757 Lege
926 2718 974 2743 ex
993 2704 1124 2745 nostris
1145 2705 1299 2758 aliquot,
1324 2700 1398 2742 Abi

858 2764 897 2805 C
928 2772 952 2812 3
1307 2770 1399 2812 prae
