1875 3244
645 170 948 222 HECYRA.'

1360 182 1456 234 zat

224 300 413 364 Propter
441 313 622 362 paucas:
658 314 768 363 quae
802 315 955 347 omnes
987 297 1173 354 faciunt,
1222 299 1378 363 dignae
1411 315 1459 352 vt

324 372 546 420 videamur
577 373 708 421 malo.

228 451 364 499 Nam,
386 450 443 494 ita
463 466 534 495 me
556 451 614 496 Di
638 459 799 503 ament,
819 440 942 515 quod
965 467 1036 497 me
1057 450 1220 499 accusat
1235 469 1363 502 nuno
1379 456 1458 508 vir,

328 523 420 570 sum
450 536 566 570 extra
590 527 777 571 noxiam.

230 598 315 646 Sed
338 616 428 645 non
456 599 577 646 facile
601 598 659 646 est
679 610 945 666 expurgatu:
974 602 1030 648 ita
1055 602 1252 651 animum
1270 604 1460 654 induxe-

329 684 447 726 runt,
470 674 612 721 socrus

175 765 201 811 ς
238 750 396 795 Omnis
429 746 511 795 effe
543 752 725 813 iniquas.
767 751 874 800 haut
902 752 982 818 pol
1013 770 1085 801 me
1117 753 1317 818 quidem:
1360 774 1464 804 nam

329 840 555 889 nunquam
582 825 700 873 secus

99 1042 175 1096 res]
213 1042 360 1083 Laches
390 1044 626 1096 generaliter
652 1045 760 1086 incu-

100 1097 197 1138 sauir
214 1096 358 1138 socrus:
388 1099 482 1140 haec
503 1102 682 1152 plurimas
694 1102 759 1142 de-

98 1152 241 1194 sendit.
284 1152 402 1197 Causa
421 1155 669 1196 accusationis
682 1159 758 1198 ini-

100 1224 214 1261 quae,
239 1213 326 1250 Non
348 1212 453 1251 enim
471 1226 608 1253 omnes
630 1211 756 1254 sumus

100 1267 238 1308 malae.
298 1268 424 1321 Inique
463 1272 586 1321 aeq-ue]
626 1270 758 1311 Comi-

100 1334 190 1361 curn
231 1321 418 1370 παρᾶμσιον.
473 1327 521 1364 Et
559 1325 647 1364 vide
678 1323 756 1366 sen-

101 1379 283 1427 tentiam,
323 1379 590 1420 defensionem
617 1379 758 1421 accusa—

102 1444 228 1473 tarum
259 1432 431 1475 socruum
463 1438 758 1477 continentem:

100 1501 238 1529 contra
272 1490 364 1530 illud
393 1492 499 1542 quod
532 1493 601 1540 ait,
630 1493 760 1546 Itaque

101 1559 175 1585 vno
195 1549 316 1585 animo
329 1560 448 1586 omnes
457 1547 591 1597 fiacr-us
603 1549 757 1587 oderunt

101 1614 231 1641 nurus.
294 1602 474 1642 Officium
515 1605 623 1643 enim
661 1603 757 1642 boni

100 1660 246 1698 Poetae
264 1657 338 1705 est,
373 1659 519 1696 nullum
543 1671 667 1711 genus
688 1659 756 1698 ho·

101 1714 250 1752 minum
274 1711 666 1764 specialiterlaedere.
696 1715 759 1755 Sic

101 1770 213 1823 Vir-g.
249 1772 338 1820 (Ge.
378 1782 454 1818 ιιι,
494 1773 608 1821 282.)
644 1770 762 1825 Quod

91 1824 204 1878 stupe
245 1826 361 1864 malae
405 1826 525 1879 legere
567 1841 756 1866 nouercae.

104 1879 146 1920 ld
177 1880 249 1928 est,
280 1895 360 1919 non
385 1894 520 1920 omnes
550 1896 754 1931 nouercae,

103 1933 170 1974 sed
191 1946 337 1975 tanturn
355 1950 440 1976 mea
452 1939 595 1990 (malae.
608 1938 758 1990 codd.)

161 2046 320 2099 Asdepol
335 2062 399 2086 nae
409 2062 476 2089 nos
488 2049 628 2099 fitmus]
648 2051 757 2090 Haec

104 2103 231 2142 Scena
277 2104 593 2155 conquestionem
632 2118 752 2155 tenet,

107 2157 212 2208 quod
234 2158 424 2198 immerito
435 2159 634 2206 accusatur,
649 2164 758 2212 quip-

106 2225 158 2263 pe
176 2226 261 2252 cum
282 2213 346 2252 fibi
373 2215 598 2256 intendatur
617 2216 759 2256 accusa-

109 2270 163 2306 tio
184 2282 260 2307 non
284 2282 332 2308 ex
351 2270 532 2318 moribus,
557 2286 687 2322 neque
710 2286 758 2312 ex

106 2327 260 2376 propria
281 2326 372 2374 vita,
402 2325 465 2365 sed
486 2331 679 2367 communi
693 2342 759 2367 no-

104 2381 237 2424 mine,
277 2381 377 2430 quod
408 2380 531 2421 socrus
568 2382 628 2429 fit3
659 2397 757 2436 quae

105 2449 187 2474 non
219 2449 352 2474 omnes
389 2439 512 2476 malae
547 2437 655 2478 sunt:
694 2438 757 2479 sed

106 2504 193 2529 cum
215 2505 358 2543 paucae
386 2491 529 2533 inuisae
555 2493 641 2534 sunt
669 2497 759 2535 viris

104 2560 267 2599 propter
287 2560 436 2596 mores,
463 2549 635 2590 efficiunt
654 2564 694 2591 vt
718 2566 758 2591 o·

106 2616 219 2644 mnes
261 2603 405 2658 dignae
447 2605 649 2649 videantur
683 2622 759 2650 ma·

106 2659 157 2699 lo.
216 2662 256 2700 [Ξ.

1308 906 1461 956 Habui

861 1048 960 1089 Illud
979 1049 1160 1090 Mulieres
1170 1051 1341 1090 Faernus
1359 1052 1463 1091 recte

808 1116 857 1144 ex
886 1104 1109 1146 aufioritate
1135 1106 1317 1146 Bembini
1343 1106 1463 1156 delet,

808 1160 912 1211 quod
930 1161 1051 1200 oratio
1072 1174 1153 1201 non
1173 1158 1314 1214 poscit,
1346 1173 1387 1201 et
1408 1177 1465 1202 ra·

805 1217 861 1255 tio
887 1215 1068 1256 trochaici
1094 1218 1282 1270 repudiat.
1335 1221 1378 1259 B.

858 1284 881 1324 3
922 1274 1025 1312 Nam
1061 1275 1116 1314 ita
1149 1287 1203 1313 me
1229 1277 1288 1317 Di
1318 1274 1461 1329 ament]

804 1330 915 1370 Bene
937 1330 1046 1368 iurat.
1103 1332 1204 1369 Nam
1222 1329 1302 1370 fine
1319 1331 1464 1368 iureiu-

808 1384 929 1423 rando
959 1384 1194 1424 incredibile
1220 1384 1273 1424 est
1298 1385 1464 1439 (excidit

806 1439 952 1492 Qum),
972 1439 1014 1478 fit
1035 1439 1139 1480 bona
1158 1439 1295 1480 socrus.
1350 1441 1466 1496 Quod

807 1510 862 1534 me
881 1494 1042 1548 accusat]
1071 1496 1188 1537 Deest
1207 1498 1247 1535 in
1269 1511 1322 1537 eo.
1350 1511 1387 1536 vt
1408 1497 1462 1543 sit,

806 1554 852 1591 In
877 1565 926 1591 eo
956 1551 1060 1603 quod
1090 1565 1152 1590 me
1185 1551 1326 1592 accusat
1353 1566 1463 1592 nunc

808 1607 884 1654 vir,
929 1603 1010 1645 sum
1038 1618 1144 1646 extra
1172 1609 1343 1647 noxiam.
1397 1613 1463 1649 An

805 1661 933 1716 Qod,
953 1672 1110 1713 propter
1130 1663 1262 1714 quod?
1316 1666 1362 1704 D.

862 1717 960 1759 Cod.
982 1719 1027 1758 C.
1039 1720 1085 1759 C.
1098 1719 1201 1758 fecie
1217 1720 1462 1759 collocatVtr

807 1788 929 1816 mmc;
957 1784 995 1811 vt
1024 1773 1211 1814 Viffirin
1234 1777 1320 1814 idn.
1365 1779 1403 1816 Β.

861 1843 889 1880 4
920 1829 1050 1869 Socrui·
1077 1844 1197 1871 omncs
1217 1831 1279 1882 esse
1296 1833 1462 1885 iniquas]

807 1886 1051 1937 intelligitur,
1074 1886 1213 1938 quibus
1230 1889 1394 1939 iniquas,
1421 1887 1462 1927 id

808 1941 863 1980 est
897 1941 1080 1980 mribus:
1113 1944 1201 1993 quia
1230 1945 1371 1983 Socrus
1395 1957 1463 1982 no-

808 2011 899 2037 men
948 1997 1001 2036 est
1039 1997 1086 2036 ad
1120 1999 1266 2049 aliquid
1305 2001 1460 2039 clinum.

807 2055 867 2093 Ita
890 2057 1050 2092 animum
1071 2055 1317 2108 induxerunt]
1349 2057 1463 2094 Indu-

808 2123 884 2147 cere
905 2114 1061 2148 (mmmm
1081 2110 1134 2149 est
1160 2111 1209 2148 ita
1229 2123 1384 2157 tenere,
1421 2121 1462 2150 vt

808 2179 887 2204 non
924 2167 1099 2203 amittant
1135 2168 1348 2215 (remittant
1375 2169 1460 2217 7,.);

810 2221 848 2260 id
869 2220 940 2269 est,
970 2219 1203 2272 persuadere
1227 2223 1356 2260 animo
1381 2220 1458 2262 suo.

806 2280 856 2317 D.

863 2343 886 2382 5
919 2332 1024 2370 Haut
1041 2332 1104 2381 po!
1123 2345 1177 2370 me
1189 2333 1350 2387 quidem]
1374 2331 1461 2373 Fffe

809 2388 1001 2437 iniquam,
1032 2386 1331 2427 subaudiendum
1359 2390 1411 2428 est
1439 2403 1461 2428 a

807 2441 1013 2494 superiore,
1044 2455 1082 2481 vt
1102 2444 1142 2482 iit
1162 2444 1234 2482 Pol
1252 2458 1322 2496 pro
1340 2446 1461 2497 pleno

810 2498 1067 2537 iureiurando.
1123 2501 1228 2538 Haut
1244 2500 1371 2552 polme
1381 2505 1465 2553 qui·

809 2555 904 2609 dem]
937 2554 1253 2595 Subaudiendum
1281 2556 1365 2595 Scio
1382 2558 1458 2608 ‘'ffi',

809 2621 876 2650 aut
905 2611 1011 2649 Noui
1037 2611 1116 2662 ‘Iffi'i
1152 2622 1219 2650 aut
1250 2615 1323 2652 tale
1355 2612 1462 2663 quid,

809 2664 1018 2707 secundum
1045 2668 1200 2720 ἔλλειψιν,
1227 2682 1326 2721 quae
1352 2670 1462 2708 fann-

921 2724 946 2764 S
976 2734 1000 2775 ς
1395 2724 1461 2762 lia-
