1875 3292
365 203 421 237 12

772 185 928 232 ACT.
962 183 998 230 1.
1039 182 1234 229 SCEN.
1265 182 1299 228 1.

493 319 587 366 Aut
607 325 693 364 tete
715 317 861 367 amari,
888 324 963 361 aut
984 322 1151 378 potare,
1172 320 1246 358 aut
1264 310 1411 357 animo
1435 308 1635 373 obsequi:

494 398 553 448 Et
575 393 655 440 tibi
674 392 788 439 bene
813 388 895 438 effe
917 390 1006 443 soli,
1026 405 1166 453 quum
1183 386 1261 434 fibi
1281 384 1332 433 fit
1355 385 1483 433 male.

405 483 468 519 10
497 475 610 531 Ego,
631 472 732 532 qnia
752 485 843 515 non
867 466 998 513 rediit
1017 463 1147 518 filius,
1169 480 1280 527 quae
1303 459 1474 522 cogito!

499 550 557 595 Et
579 546 738 609 quibus
763 561 883 590 nunc
907 542 1111 589 sollicitor
1133 537 1287 588 rebus!
1327 555 1384 585 ne
1403 547 1478 585 aut
1495 536 1567 597 ille
1580 536 1735 594 alserst,

497 627 590 670 Aut
612 620 774 685 vspiam
796 618 1012 672 ceciderit,
1033 627 1107 664 aut
1131 616 1394 682 perfregerit

497 698 694 762 Aliquid.
720 696 826 745 vah!
861 710 1187 759 quemquamne
1209 692 1439 741 hominem
1467 693 1515 738 in
1537 692 1737 738 animum

595 771 820 821 instituere
830 807 844 826 ,
884 781 958 820 aut

953 849 983 868 'v

422 1005 443 1048 53
477 997 555 1037 Aut
576 1008 611 1036 te
631 1008 756 1035 amare
778 997 930 1050 cogitat,
960 1005 1030 1041 aaa

364 1067 438 1095 tete
457 1054 592 1102 amari]
625 1051 731 1103 Quia
756 1051 804 1092 Te
823 1065 946 1091 amare
964 1056 1029 1096 ἂμ-

366 1122 428 1161 φιβ
435 1109 512 1154 ὅλως
523 1109 681 1152 dixerat,
693 1108 768 1148 cito
781 1108 912 1147 intulit
923 1106 1028 1159 quod

367 1178 514 1206 certum
535 1163 600 1214 est,
618 1168 696 1205 Aut
717 1178 790 1206 tete
809 1165 941 1204 amari.
981 1166 1030 1204 Et

367 1222 640 1276 quia⁴illud=te
661 1221 831 1272 dixerat,
862 1220 937 1260 hoc
965 1233 1030 1274 ge-

366 1280 545 1328 minauit,
568 1278 703 1318 etTete
715 1279 822 1329 dixit,
843 1288 1030 1329 tanquam

365 1335 656 1387 fignifieantius.
713 1337 794 1376 Aut
819 1337 942 1375 animo
962 1333 1029 1373 ob·

357 1394 486 1447 fiqui]
512 1390 723 1438 ἐπαναφορὰ
782 1395 832 1434 D.

424 1448 552 1490 Nostri
575 1461 711 1488 omnes
728 1458 769 1487 et
780 1448 921 1491 Faerni
942 1446 1032 1487 libri

368 1507 516 1552 vetusti,
529 1518 640 1558 atque
657 1508 779 1544 animo
798 1503 958 1558 obfiqui.
987 1507 1030 1545 B.

424 1577 450 1617 9
481 1567 681 1602 Accentus
702 1559 812 1601 eausa
833 1562 1032 1614 corrigen-

370 1620 463 1659 dum
485 1617 651 1668 est‚sibi
672 1617 828 1667 cumsit
847 1616 950 1656 male.
987 1620 1030 1657 Β.

432 1687 483 1717 10
512 1673 615 1729 Ego,
645 1676 734 1725 quia
760 1687 836 1712 non
854 1673 966 1712 rediit
984 1672 1034 1724 fi-

370 1733 459 1784 lius]
490 1731 577 1770 Plus
599 1729 652 1769 est
679 1732 784 1781 quod
810 1729 905 1769 dixit
931 1729 1028 1784 Ego,

372 1801 490 1839 quam
521 1786 546 1825 si
577 1786 723 1826 diceret
764 1788 890 1826 Pater.
948 1786 1031 1842 Ego

372 1847 461 1898 quia
487 1857 562 1883 non
589 1843 701 1882 rediit
721 1841 840 1894 filius]
872 1842 1033 1881 &uxno‘m-

372 1906 427 1939 5ον
448 1915 458 1947 3

371 1957 480 2011 §Quae
516 1958 663 2011 cogito!
707 1968 742 1995 et
772 1956 904 2009 quibus
935 1955 1031 2010 iffa]

373 2017 460 2054 Hoc
483 2012 530 2052 {ic
550 2014 887 2065 pronunciandum
908 2012 972 2061 est,
995 2023 1033 2051 vt

374 2073 530 2110 horrere
552 2069 725 2109 videatur
743 2069 822 2120 ipse
834 2070 1033 2123 cogitatio-

374 2140 466 2167 nem
488 2123 604 2166 suam.
658 2129 707 2167 D.

434 2196 451 2225 1
464 2195 480 2225 1
512 2181 656 2236 Qibus
675 2196 772 2222 nunc
779 2182 968 2233 sbllict'tor
977 2197 1034 2222 re-

375 2239 456 2291 hm]
490 2240 659 2286 Htw-est,
676 2240 929 2290 quammalis:
952 2253 1034 2278 non

376 2309 416 2336 vt
437 2310 540 2343 vxor,
570 2296 695 2335 bonis.
755 2297 811 2335 Ne
830 2310 895 2335 aut
914 2296 970 2335 ille
986 2297 1035 2336 al-

367 2351 484 2405 fim]
515 2352 618 2391 Vide
640 2366 756 2403 quam
780 2353 905 2394 teneri
932 2352 972 2392 fit
999 2367 1035 2392 a·

376 2410 492 2450 moris
513 2407 578 2446 hic
597 2411 720 2457 timor,
741 2411 780 2448 in
800 2411 949 2449 iuuene
968 2411 1038 2463 (iu-

376 2479 500 2507 uenem
529 2466 587 2515 Ἀ)
615 2464 847 2514 praesertim.
903 2467 1036 2506 Neam

379 2521 437 2560 zlle
467 2521 611 2570 alfim't,
640 2535 706 2559 aut
735 2522 875 2575 uspiam
907 2524 1035 2562 cecide-

379 2578 453 2631 rit]
485 2578 655 2616 Nimium
679 2590 814 2618 tenere
837 2585 949 2629 amat,
970 2581 1035 2632 qui

381 2635 474 2673 hacc
524 2640 561 2670 in
602 2635 746 2672 iuuene
784 2635 1031 2686 pertimescit,

378 2704 478 2741 quae
497 2691 590 2729 circa
609 2689 820 2732 infantulos
837 2696 966 2735 caueri
985 2691 1038 2734 so-

380 2749 473 2788 ient.
531 2748 581 2786 D.

505 1913 587 1939 non
624 1901 731 1939 enim
766 1901 881 1939 Pater
922 1899 1046 1949 dixit.-

1566 847 1737 897 Parare,

1132 991 1286 1047 Alserit]
1315 992 1360 1034 Id
1381 991 1452 1040 est,
1480 998 1657 1030 mortuus
1680 986 1738 1037 fit,

1079 1052 1170 1103 quia
1191 1052 1402 1091 morientes
1423 1047 1584 1102 frigent.
1637 1048 1679 1085 E.

1133 1106 1284 1162 Qtibus
1305 1120 1404 1146 nunc
1412 1098 1624 1157 sollicitor]
1653 1103 1741 1141 Ser-

1078 1164 1345 1208 uiuskAeneid.
1368 1176 1425 1210 lv,
1446 1172 1540 1215 379.
1579 1158 1741 1212 Qcietos

1070 1220 1268 1273 filllcimt.
1325 1220 1387 1259 Ne
1416 1232 1482 1258 aut
1507 1215 1566 1256 ille
1593 1214 1741 1269 alsbrit]

1080 1279 1234 1319 Plautus
1261 1278 1303 1316 in
1322 1276 1454 1318 Milite
1472 1288 1546 1321 111,
1577 1285 1592 1314 1
1609 1304 1619 1321 2
1648 1284 1741 1325 124.

1080 1334 1161 1378 Pol,
1179 1334 1222 1385 st
1239 1331 1446 1386 habuissem,
1464 1330 1565 1382 finis
1584 1328 1743 1381 cepissem

1079 1388 1316 1445 nttfiriarum
1351 1388 1502 1430 liberis:
1553 1387 1744 1438 Cerfirem

1080 1449 1210 1497 emori,
1233 1447 1453 1499 cecidissetne
1471 1441 1604 1491 ebrius,
1624 1455 1689 1484 aut
1698 1442 1744 1482 de

1082 1518 1174 1557 equo
1205 1502 1374 1557 zspiam
1407 1503 1634 1547 Metuerem‚
1664 1512 1745 1539 nec-

1081 1561 1146 1599 ubi
1172 1560 1381 1616 defregiffet
1408 1572 1520 1606 rura,
1544 1570 1609 1598 aut
1629 1559 1746 1596 cerui-

1084 1631 1138 1656 ces
1152 1616 1238 1669 fi'ln'.
1300 1621 1341 1656 L.

1136 1673 1250 1722 Illud,
1266 1674 1326 1721 Et,
1352 1673 1453 1713 refie
1471 1670 1577 1710 abest
1593 1668 1744 1709 atribus

1079 1729 1240 1769 nostris:
1268 1730 1309 1768 in
1330 1727 1525 1782 asyndetis
1535 1729 1641 1766 enim
1654 1739 1747 1766 eon-

1084 1788 1232 1825 citatior
1251 1785 1305 1824 est
1325 1785 1498 1825 afl'effiis.
1556 1786 1597 1823 B.

1142 1856 1192 1885 12
1213 1844 1292 1881 Aut
1304 1841 1461 1896 vspiam]
1488 1839 1634 1893 Vspiam
1651 1839 1743 1879 etin

1082 1899 1184 1947 loco,
1204 1909 1246 1938 et
1258 1898 1304 1938 ad
1319 1900 1445 1939 locum
1457 1896 1654 1951 fignificat.
1683 1897 1746 1936 Ce-

1085 1957 1225 2004 cidem,
1246 1970 1309 1996 aut
1322 1956 1551 2011 peffiegerit
1562 1955 1705 2006 aliquid
1714 1953 1745 2007 Ε]

1081 2012 1346 2065 lungendum,
1376 2023 1415 2052 vt
1435 2026 1516 2052 non
1537 2008 1658 2050 solum
1681 2011 1748 2050 Ce-

1083 2071 1232 2115 ciderit,
1266 2068 1329 2108 sed
1349 2071 1466 2109 etiam
1484 2068 1746 2124 Perfregerit:

1083 2127 1179 2166 haec
1199 2126 1286 2165 sunt
1309 2140 1407 2179 quae
1428 2125 1497 2165 tibi
1527 2124 1651 2179 (filio)
1675 2137 1746 2164 nc-

1083 2198 1147 2224 mo
1168 2184 1329 2223 euenire
1350 2184 1454 2224 velit.
1512 2185 1561 2223 D.

1141 2242 1288 2280 Omnes
1333 2238 1418 2279 fere
1467 2239 1618 2290 antiqui
1656 2237 1744 2278 libri

1086 2300 1113 2337 F
1117 2298 1225 2337 aerni
1243 2307 1282 2335 et
1302 2295 1419 2335 nostri
1440 2294 1610 2345 habent,
1636 2306 1746 2349 prae-

1074 2355 1257 2408 jiegerit.
1315 2356 1357 2394 B.

1148 2423 1192 2461 13
1231 2409 1506 2464 Qemquamne
1544 2406 1746 2462 hominem]

1086 2468 1148 2508 Sic
1168 2467 1328 2506 dicimus
1350 2466 1400 2504 de
1420 2479 1466 2505 ea
1478 2479 1530 2514 re,
1550 2479 1664 2517 quam
1679 2464 1749 2505 mi·

1087 2538 1214 2562 ramur
1229 2522 1312 2562 fere
1323 2522 1368 2561 ab
1383 2523 1559 2562 omnibus
1572 2522 1666 2561 fieri.
1696 2523 1746 2560 D.

1142 2581 1188 2619 In
1213 2583 1375 2619 animum
1404 2579 1600 2630 instituere]
1633 2582 1748 2618 Bent-

1088 2637 1184 2675 leius
1203 2647 1420 2688 praeeunte
1439 2639 1589 2676 faerno
1613 2633 1748 2681 edidit,

1088 2696 1129 2734 in
1168 2696 1303 2733 animo.
1372 2695 1589 2747 Vtrflmque
1632 2691 1745 2730 recte.

1627 2748 1748 2790 Certe
