1827 3180
578 222 932 269 PHORMIO.

1320 238 1419 286 419

197 345 459 406 Lestum'ffi
498 350 731 397 conueniet
752 365 974 402 numerus,
997 360 1209 413 quantum
1231 350 1378 400 debui.

200 422 251 472 G
265 439 322 472 ε..
347 430 461 472 Amo
483 435 537 477 te,
562 437 604 471 et
625 442 716 472 non
742 421 965 486 neglexisse
986 425 1124 472 habeo
1146 431 1339 487 gratiam.

137 514 166 562 ς
203 498 302 547 DA.
325 500 571 548 Praesertim
594 512 640 546 vt
650 517 765 547 nunc
786 500 880 546 sunt
891 515 1059 547 mores:
1081 501 1187 548 adeo
1197 520 1265 549 tes
1278 505 1414 559 redit;

196 577 242 623 Si
263 577 359 640 quis
382 575 487 639 quid
506 575 662 629 reddit,
687 591 841 637 magna
863 571 1110 623 habenda'st
1130 580 1279 639 gratia.

62 790 160 834 inde
178 805 228 832 ne
246 807 382 846 parum
394 795 633 835 conueniens
644 807 715 834 nu·

60 861 190 889 merus
203 850 434 898 crederetur,
446 849 595 898 adiecit,
614 852 712 890 Con-

61 909 181 945 ueniet
207 918 376 945 numerus
393 918 569 959 quantum
588 905 711 946 debui.

61 962 141 1068 E3
193 1016 341 1055 Lean„
384 1016 456 1072 ιβ]
509 1014 709 1059 Absolute.

1332 655 1417 704 Sed

761 794 828 835 biti
847 794 922 836 hoc
941 797 1039 850 agit,
1069 806 1107 836 vt
1131 797 1250 838 etiam
1276 801 1414 852 gratias

762 864 929 905 agamus.
983 855 1078 894 Amo
1102 863 1157 901 te,
1190 867 1225 892 ιι
1252 868 1327 894 non
1354 870 1414 895 ne·

755 907 903 962 glexisse
921 906 1033 948 habeo
1041 909 1223 964 gratiam]
1242 911 1330 950 Hoc
1339 925 1412 964 pro

762 967 964 1016 gratiarum
995 965 1145 1004 afflone
1173 966 1343 1016 ponitur.
1373 979 1412 1008 et

761 1018 971 1060 ostenditur
991 1033 1080 1060 vere
1093 1018 1336 1061 neceffariam
1354 1021 1413 1062 fu-

59 1072 163 1112 Nam
200 1085 279 1111 non
308 1072 400 1112 dicit
427 1074 567 1125 quidr
587 1083 711 1113 vtrnm
760 1073 828 1115 isse
847 1076 1064 1127 pecuniam.
1121 1078 1207 1117 Non
1232 1078 1413 1132 neglexist

57 1125 248 1177 debitum,
266 1141 313 1166 an
336 1141 540 1182 argentum
559 1130 710 1169 loetum.
748 1130 807 1182 fi]
838 1134 881 1171 ln
912 1131 1078 1179 Andria,
1113 1131 1166 1172 Et
1193 1134 1236 1171 id
1253 1147 1413 1187 gratum

57 1183 238 1231 Lucilius,
261 1183 363 1224 Lecti
380 1198 524 1225 onmes.-
555 1187 711 1225 Atticon
748 1186 861 1239 fiaeiffie
887 1188 1078 1239 aduersam
1095 1201 1154 1237 te,
1188 1188 1300 1231 habeo
1323 1205 1411 1246 gra-

59 1236 126 1279 hoc
143 1238 201 1290 est.
258 1238 405 1279 LeHum
427 1241 493 1292 est,
518 1243 709 1282 conueniet
757 1248 860 1284 tiam.
920 1246 969 1284 D.

57 1297 245 1338 numerus]
297 1296 489 1335 Ordinem
533 1295 707 1336 seruauit.

60 1351 168 1401 prius
203 1353 311 1391 enim
340 1354 520 1405 qualitas,
562 1353 708 1392 deinde

59 1418 231 1445 nummus
254 1409 444 1459 pecuniae
471 1405 491 1446 s
497 1409 625 1446 -eelari
656 1405 709 1446 so-

62 1461 132 1501 let.
187 1461 332 1501 Lectum
348 1463 403 1514 est,
436 1466 625 1502 conueniet
645 1476 709 1502 nu·

60 1529 195 1564 merus,
214 1529 389 1571 quantum
411 1518 532 1571 debui]
553 1520 713 1570 Quippe

64 1571 184 1612 tribus
206 1573 330 1612 modis
340 1573 514 1613 debitum
532 1577 714 1625 pecunia-

61 1629 163 1668 rium
180 1625 357 1670 soluitur:
385 1629 589 1681 pensione
610 1632 713 1670 Acci-

58 1696 124 1739 pe:
148 1681 390 1737 speetau'one,
403 1686 546 1725 Lectum
558 1685 625 1736 est:
646 1699 712 1725 nu·

58 1752 182 1787 mero,
206 1741 405 1780 conueniet
416 1753 586 1780 numerus
596 1754 710 1794 quan-

58 1808 141 1838 tum
172 1794 291 1836 debui.
367 1797 510 1836 Lefflm
540 1796 604 1850 est]
642 1797 708 1836 Le-

56 1853 166 1899 aum,
184 1852 343 1902 bonum,
373 1853 434 1892 vel
455 1850 708 1905 splendidum.

59 1908 116 1947 Vt
138 1910 259 1958 (Aen.
289 1922 334 1957 x,
365 1913 497 1963 541.),
528 1923 632 1949 arma
653 1911 710 1951 Se-

59 1962 177 2015 restus
227 1963 331 2003 Lean
373 1965 490 2016 refert
540 1965 708 2005 humeris.

59 2019 249 2068 Quamuis
271 2019 424 2072 quidam
441 2032 575 2072 putant
587 2022 709 2068 Lec‘ta,

61 2074 110 2113 ab
136 2086 185 2112 eo
213 2075 315 2125 quod
340 2075 393 2115 est
413 2077 525 2128 lego,
553 2077 708 2116 dietum.

61 2131 256 2224 Ἦιαηηαη
275 2129 397 2184 debui]
426 2134 515 2181 Pro,
543 2131 709 2174 debitum

62 2190 96 2226 ι’
123 2188 173 2224 ia
192 2199 246 2224 me
262 2185 322 2238 ιβ.
377 2189 424 2226 D.

117 2254 145 2292 4
175 2244 269 2281 Amo
289 2254 336 2288 te,
370 2254 405 2280 et
424 2255 498 2281 non
519 2242 712 2298 neglexisti

63 2296 176 2337 habco
205 2296 386 2351 gratiam]
427 2304 559 2346 Amat,
602 2299 710 2349 quod

60 2351 273 2392 reddiderit
292 2353 515 2404 pecuniam:
535 2354 614 2406 agit
632 2367 712 2406 gra-

59 2410 143 2457 tias,
167 2407 270 2460 quod
291 2407 512 2460 diligenter.
566 2411 614 2448 Et
625 2421 713 2460 qua-

60 2468 129 2504 te?
159 2477 280 2503 rtrum
301 2466 389 2515 quia
407 2463 595 2503 creditum
614 2466 712 2515 (con-

58 2520 194 2562 dmum
227 2519 293 2560 Ed.
325 2521 454 2559 Antw.
493 2531 531 2559 et
556 2520 712 2572 steph.)

60 2588 142 2616 non
161 2573 366 2617 fefellerit?
394 2589 442 2613 an
465 2576 554 2627 quia
573 2576 712 2616 lcitum

60 2632 236 2678 attulerit,
260 2642 299 2669 et
317 2643 476 2670 numero
494 2643 712 2684 congruen-

62 2686 119 2730 ti?
144 2690 191 2728 Et
211 2687 313 2726 reete
330 2685 447 2728 dixit:
475 2700 563 2726 nam
583 2688 711 2727 redhi-

60 2739 157 2784 bitio
182 2743 364 2795 (redditio
389 2742 485 2783 Edd.
504 2745 619 2797 vett.)
647 2743 710 2784 de-

815 1312 839 1353 5
876 1298 1098 1352 Praesertim
1129 1313 1171 1340 vt
1203 1313 1299 1339 nunc
1313 1301 1411 1352 fient

758 1358 887 1406 mores]
915 1356 976 1396 sic
1004 1367 1043 1394 et
1061 1356 1157 1394 illud
1183 1355 1324 1396 ditium
1344 1357 1409 1405 est,

756 1423 910 1462 namque
930 1410 999 1449 hoc
1009 1445 1014 1455 ,
1024 1423 1182 1464 tempore
1203 1411 1410 1465 obsequium

760 1468 912 1512 amicos,
959 1469 1100 1505 veritas
1135 1467 1258 1506 odium
1290 1472 1408 1521 parit.

762 1521 866 1572 Quia
885 1520 1172 1561 consuetudinis
1191 1525 1319 1577 imago
1338 1525 1404 1573 est,

760 1578 980 1628 vituperare
1014 1576 1236 1627 praesentia.
1309 1581 1413 1622 Adeo

760 1645 818 1672 res
834 1633 951 1686 redit]
979 1634 1170 1686 Figurate,
1198 1647 1266 1684 pro
1286 1636 1338 1674 ita
1355 1636 1411 1675 lo-

761 1689 908 1739 queris,
939 1690 1040 1728 Adeo
1068 1703 1126 1728 res
1153 1690 1269 1739 redit,
1302 1692 1410 1731 dixit.

759 1745 807 1784 Et
833 1744 989 1796 proprie
1009 1743 1145 1796 Rediffi·
1168 1760 1227 1786 res
1252 1745 1426 1796 dicitur,‘'

757 1812 873 1851 quum
904 1800 1052 1851 aliquid
1082 1802 1192 1852 peius
1223 1799 1414 1854 exspefiia·

755 1856 866 1894 tione
888 1857 1061 1909 contigit.
1115 1861 1165 1899 D.

813 1912 839 1953 6
867 1912 907 1952 Si
923 1914 1004 1965 quis
1013 1911 1106 1965 quid
1118 1913 1252 1962 reddit,
1271 1927 1411 1969 magna

759 1965 922 2007 habenda
949 1967 996 2018 est
1016 1966 1163 2023 gratia]
1192 1969 1234 2009 ld
1253 1969 1319 2016 est,
1342 1969 1410 2010 etfi

757 2022 919 2075 (etfiob)
939 2037 1020 2063 rem
1040 2037 1118 2063 non
1137 2037 1327 2077 magnam,
1358 2035 1409 2065 ta-

758 2091 851 2118 men
879 2092 1018 2133 magna
1045 2079 1223 2119 habenda
1249 2081 1302 2120 est
1329 2094 1410 2134 gra·

758 2135 830 2174 tia:
871 2134 945 2175 hoc
970 2136 1076 2174 enim
1115 2135 1300 2188 significat
1324 2140 1410 2188 quii·

757 2190 888 2229 reddit.
953 2191 996 2230 Si
1028 2194 1111 2243 quis
1146 2193 1238 2244 quid
1264 2192 1408 2246 reddit]

759 2247 839 2295 Qui
860 2245 930 2283 hoc
950 2247 1230 2297 interrogatiue
1242 2260 1411 2297 pronun·

760 2302 937 2344 ciauerit,
966 2314 1102 2352 parum
1123 2301 1225 2340 belle
1244 2303 1410 2354 explicat

759 2366 986 2406 conceptam
1016 2354 1255 2395 sententiam.
1324 2359 1410 2397 Ha·
1439 2385 1442 2389 -

758 2410 875 2450 henda
890 2410 936 2461 ιβ
950 2411 1092 2465 gratia]
1118 2411 1245 2461 Deest,
1255 2414 1298 2450 ei.
1330 2415 1380 2454 D.

813 2466 853 2505 Si
883 2469 964 2518 quis
1001 2468 1090 2519 quid
1115 2468 1261 2531 redditl
1295 2469 1405 2508 que-

761 2523 835 2560 nal.
856 2523 974 2573 Satyr.
1007 2534 1019 2562 1
1057 2552 1064 2561 .
1102 2522 1252 2574 Nuncst
1273 2523 1406 2576 deposi-

761 2590 840 2617 tum
867 2590 938 2616 non
965 2534 1149 2628 ιἠᾔῖίιιυν
1174 2582 1334 2628 amicus,
1364 2581 1406 2619 Si

761 2635 890 2673 reddat
907 2646 1058 2672 veterem
1071 2646 1147 2673 cum
1166 2648 1245 2675 tota
1262 2639 1406 2689 συνιεί-

759 2702 804 2730 ne
813 2687 946 2742 follem
975 2689 1190 2782 §rodigiofii
1200 2690 1306 2743 fides.
1341 2693 1378 2731 1.

923 2746 960 2785 D
1027 2757 1053 2785 2
1301 2752 1303 2755 '
