1859 3196
624 204 925 251 HECYRA.

1361 155 1364 175 Ι

1359 179 1451 269 '35³

212 333 309 384 LA.
347 337 432 384 Dic
453 332 579 388 filiae,
603 351 678 381 rus
703 330 998 381 concessuram
1023 331 1128 379 hinc
1150 328 1403 381 Sostratam:

211 417 289 461 Ne
330 422 606 464 reuereatur,
643 412 789 457 minus
829 411 915 455 iam
945 425 1036 473 quo
1068 408 1216 456 redeat
1247 409 1448 462 domum.

314 488 408 536 ΡΗ.
452 488 531 534 ah!

213 565 398 612 Nullam
421 564 475 610 de
497 563 565 609 his
587 562 717 610 rebus
737 562 910 627 culpam
933 562 1198 608 commeruit
1217 572 1314 609 tua:

114 654 186 695 ,ιο
223 648 264 687 A
286 640 523 702 Myrrhina
545 639 650 685 haec
673 639 768 685 sunt
789 653 884 684 mea
905 653 1038 684 vxore
1058 647 1206 684 exorta
1226 640 1391 686 omnia.

211 719 403 765 Mutatio
426 712 494 762 fit:
535 731 682 760 canos
704 713 946 778 perturbat,
967 713 1149 758 Laches.

211 788 363 840 ΡΛΜ.
408 794 533 837 Dum
562 807 618 837 ne
650 790 881 848 reducam,
922 787 1102 836 turbent
1119 805 1281 855 porro,
1313 806 1447 855 quam

311 866 462 916 velint.

77 1089 134 1132 ita
153 1087 307 1130 videtur
327 1082 476 1141 legisse,
497 1083 662 1127 suadent
687 1085 738 1127 Ο-

71 1149 226 1201 periam.
283 1146 401 1186 Certe
428 1143 648 1195 Pamphilus
668 1141 735 1186 ‚su-

77 1217 149 1255 pra
171 1201 359 1254 promisit,
387 1196 425 1239 se
445 1214 529 1239 rem
553 1198 631 1239 ess'e
650 1200 738 1239 cela-

76 1271 215 1300 turum.
273 1261 315 1298 B.

134 1327 163 1368 7
189 1315 266 1354 Dic
286 1312 390 1366 filiae
417 1324 482 1351 rus
500 1311 738 1363 concessuram

80 1369 167 1412 hinc
206 1369 427 1423 Sostratam]
467 1369 617 1408 Blande
654 1382 738 1407 non

14 1474 17 1477 Ι
79 1426 230 1467 addidit
254 1427 376 1465 Tuae:
405 1424 506 1475 quafi
522 1426 624 1463 dicat
636 1437 739 1463 com-

81 1484 192 1523 muni
212 1481 325 1521 filiae.
384 1484 432 1521 Et
450 1480 564 1528 bene,
587 1480 736 1531 nonso2

81 1552 201 1585 crum,
221 1535 287 1578 sed
307 1535 519 1587 Sostratam.
571 1538 619 1576 D.

138 1602 161 1644 8
190 1595 252 1634 Ne
278 1593 506 1646 reuereatur]
539 1596 646 1631 Bene
675 1592 741 1631 Re·
775 1602 778 1603 ’

80 1663 274 1691 uereatur:
308 1663 359 1689 ne
380 1645 500 1687 odifl'e
520 1647 734 1695 Sostratam,

79 1704 147 1753 fed
166 1717 343 1746 metuere
362 1706 549 1743 videatur:
580 1713 619 1745 et
637 1703 740 1755 quasi

80 1760 161 1814 ipsa
187 1760 313 1801 socrus
332 1774 413 1800 non
441 1761 572 1800 odium
591 1772 740 1799 merue-

80 1819 151 1867 rit,
180 1816 244 1858 sed
274 1819 545 1858 reuerentiam.
601 1817 740 1856 Mz'nus¹

33 1895 37 1898 ⁴
81 1877 160 1915 iam
180 1887 254 1928 quo
275 1874 396 1914 redeat
416 1873 582 1927 domum]
613 1877 740 1918 τμῆσις

83 1943 171 1970 Oum
187 1933 368 1979 ἂναςςοῷῇ,
394 1940 430 1968 vt
449 1928 492 1968 fit
513 1930 621 1980 ordo,
647 1931 739 1981 Quo

81 1987 212 2027 minus
233 1986 377 2026 redeat.
432 1989 483 2027 D.

133 2055 162 2096 9
202 2044 353 2083 Nullam
380 2042 422 2080 de
451 2042 509 2081 his
537 2039 644 2081 rebus
673 2041 738 2088 cul·

80 2099 190 2152 pam]
230 2099 379 2141 Relatio
415 2098 587 2137 criminis
617 2097 740 2149 potest

83 2154 220 2207 videri.
303 2152 406 2199 Tua]
451 2153 572 2193 Deest
618 2167 742 2192 vxor.-

85 2211 195 2262 quod
236 2223 382 2249 nomen
413 2209 574 2249 inferius
603 2207 742 2261 posuit.

91 2266 190 2313 Tua]
227 2267 328 2307 Cum
366 2266 607 2317 percussione
637 2265 740 2303 audi-

86 2322 234 2363 endum
253 2321 363 2372 (Cum
387 2320 604 2373 percuffione
629 2323 744 2359 animi

86 2378 300 2428 dicendum)
329 2375 402 2421 est,
435 2388 472 2415 vt
499 2376 745 2414 subaudiatur

85 2447 204 2480 vxor,
233 2432 280 2471 ab
302 2445 349 2471 eo
370 2433 475 2483 quod
494 2431 659 2471 dicitu-us
679 2432 745 2480 est,

85 2502 218 2530 vxore.
278 2491 326 2528 D.

146 2557 193 2587 11
236 2546 406 2584 Mutatio
440 2541 509 2597 fit]
555 2543 743 2584 Mutatio-

88 2612 181 2648 nem,
207 2598 464 2652 suspicionem
497 2599 607 2646 dicit,
639 2613 742 2639 erro-

90 2670 250 2708 remque
287 2657 536 2708 iurgantium.
610 2656 741 2695 Mum-

88 2714 161 2762 tio]
187 2713 304 2753 Deest
331 2725 491 2764 quarum
513 2724 642 2752 rerum
661 2725 742 2751 mu·

142 2768 222 2807 Ter.
235 2769 273 2810 C.
294 2768 336 2808 P.
355 2768 404 2808 ΙΙ.

1340 939 1445 990 ΡΗ.

784 1087 890 1127 tatio.
920 1098 1016 1140 ergo
1042 1085 1203 1126 mutatio
1229 1085 1447 1134 criminum,

785 1154 854 1183 aut
896 1145 1103 1194 culparum.
1163 1143 1338 1183 Mutatio
1372 1142 1442 1197 fit]

788 1201 972 1240 Criminis
990 1197 1134 1238 scilicet
1151 1210 1193 1237 et
1211 1199 1371 1251 peccati.
1401 1200 1441 1238 id

787 1257 861 1305 est,
891 1256 952 1296 vei
972 1269 1057 1295 mea
1081 1268 1173 1294 vxor
1191 1256 1335 1293 crimen
1354 1266 1445 1294 tuae

788 1311 963 1351 sustinet:
995 1312 1055 1351 vel
1074 1322 1137 1350 tua
1161 1314 1279 1363 (tuae)
1298 1310 1345 1348 ad
1365 1323 1446 1349 me·

787 1383 849 1409 am
871 1365 1050 1407 translata
1068 1366 1123 1406 est
1133 1368 1255 1418 culpa.
1312 1366 1446 1405 Ειιηος

783 1424 992 1477 perturbat,
1017 1421 1167 1468 Laches]
1196 1424 1270 1462 Ea:
1306 1435 1386 1460 non
1398 1435 1444 1462 ea

786 1481 972 1526 mutatio,
1009 1476 1073 1519 sed
1111 1491 1224 1529 vxor,
1268 1476 1343 1516 hoc
1373 1477 1442 1527 est,

787 1535 1008 1588 Myrrhina.
1060 1537 1110 1574 D.

848 1589 1018 1639 Versum,
1050 1603 1102 1628 ne
1122 1602 1210 1630 cum
1226 1590 1386 1642 Guyeto
1406 1599 1446 1629 vt

788 1644 958 1698 spurium
983 1647 1164 1694 damnes,
1203 1645 1252 1684 {ic
1276 1646 1447 1692 restitue,

790 1706 856 1743 ΡΑ
870 1716 914 1743 Μ.
954 1704 1125 1743 Mutatio
1147 1699 1208 1752 fit.
1249 1705 1321 1742 Pu
1334 1715 1364 1741 1.
1405 1715 1448 1741 ea

789 1773 858 1799 nos
876 1758 1097 1813 permobm,
1129 1757 1260 1797 Lache.
1317 1756 1448 1797 Verba

788 1817 966 1856 Mutatio
979 1813 1028 1866 fit
1052 1814 1273 1866 Pamphilus
1290 1812 1448 1852 auersus

789 1887 812 1910 a
850 1870 1003 1911 senibus
1045 1872 1227 1921 loquitur.
1287 1869 1448 1910 Deinde

788 1928 906 1968 Lache
933 1927 1051 1967 habet
1072 1926 1205 1968 Bemb.
1237 1935 1277 1966 et
1296 1923 1451 1966 Priscia-

790 1997 874 2023 nuS.
930 1987 971 2025 B.

848 2053 897 2082 12
931 2037 1097 2080 Turbent
1109 2049 1228 2090 porro
1255 2051 1364 2091 quam
1390 2049 1448 2075 ve-

788 2097 877 2151 lint]
891 2098 1093 2148 Quantum
1108 2095 1252 2133 velint:
1271 2104 1336 2132 aut
1347 2105 1447 2140 eam,

791 2166 910 2204 quam
943 2153 1082 2198 veiint,
1125 2151 1340 2190 mulierem.
1383 2146 1449 2187 sed

791 2210 932 2249 melius
953 2208 1005 2247 est
1028 2206 1131 2258 quod
1146 2204 1255 2257 supra
1266 2206 1446 2243 diximus.

793 2266 895 2304 Dum
915 2278 961 2304 ne
982 2264 1161 2309 reducam,
1193 2261 1346 2300 turbent
1362 2273 1449 2308 por-

791 2320 850 2366 ro]
890 2319 1102 2369 Quomodo
1143 2316 1196 2355 est
1233 2318 1318 2368 pius
1356 2327 1451 2367 erga

795 2387 957 2415 matrem
994 2372 1235 2424 Pamphilus,
1279 2371 1304 2410 fi
1341 2371 1451 2422 parui

794 2431 903 2479 facit,
935 2441 1058 2469 rtrum
1080 2428 1203 2468 socrus
1225 2425 1286 2466 sua
1304 2437 1454 2478 pertur-

794 2488 926 2533 betur,
963 2500 1011 2525 an
1057 2496 1179 2524 mater
1208 2497 1231 2522 a
1266 2481 1453 2522 senibus?

793 2544 964 2584 Soluirur
989 2541 1060 2585 fic:
1088 2541 1179 2591 quia
1196 2539 1336 2593 Qum,
1368 2551 1452 2576 non

793 2600 847 2640 est
876 2599 1031 2653 generis
1060 2596 1264 2647 feminini,
1302 2594 1367 2635 sed
1395 2593 1452 2633 est

791 2660 999 2712 Quantum.
1071 2652 1238 2695 Turbeut
1258 2682 1268 2701 ,
1318 2660 1452 2690 errent

791 2711 1051 2766 (perturbent,
1079 2709 1176 2751 Edd.
1198 2710 1307 2760 vett.)
1334 2717 1374 2746 et
1397 2717 1455 2801 ti}-

926 2770 957 2806 Z
1357 2776 1423 2802 mu
1442 2784 1453 2791 -
