1827 3180
0 420 2 484 Ι

0 505 2 574 i

534 71 537 74 Δ
611 43 977 92 PHORMIO.

1375 54 1468 114 583

228 169 513 226 Nausistrata,
547 174 629 219 exi.
677 169 789 223 CH.
828 188 878 222 os
909 173 1131 240 opprime.
1176 169 1284 223 DE.
1323 176 1469 243 impu-

324 266 427 297 rum
454 247 568 302 vide,

228 329 459 381 Quantum
489 325 628 376 valet!
663 320 699 373 P
710 336 763 372 fl.

324 418 417 448 non
439 400 586 448 taces?

801 319 1088 379 Nausistrata,
1117 327 1316 390 inquam.
1354 322 1467 376 CH.

123 491 190 542 95
225 475 324 525 ΡΗ.
361 475 586 524 Taceam?
623 472 671 523 D
688 488 730 526 Ε.
768 473 846 524 nist
869 474 1072 541 sequitur,
1096 492 1274 544 pugnos
1295 478 1343 526 in
1363 496 1468 528 ven-

321 565 433 600 trem
454 555 621 614 ingere.

223 626 310 678 PH.
334 630 417 677 Vel
430 628 606 677 oculum
620 627 821 676 exclude:
845 626 917 682 est,
931 628 1006 677 vbi
1027 645 1104 678 vos
1117 628 1303 685 vlcil'car,
1324 629 1467 679 locus.

141 775 453 828 ACTVS
515 775 864 846 QVINTI
920 775 1215 828 SCENA
1265 776 1419 828 Vln.

89 867 550 910 NAVSISTRATA·
617 866 923 909 CHREMES.
989 866 1300 909 PHORMIO.
1365 865 1467 910 DE·

666 939 890 981 MIPHO.

91 1072 295 1190 va
319 1095 337 1125 s
377 1079 577 1127 nominat
598 1077 703 1125 me?
741 1071 854 1128 CH.
894 1072 1025 1132 hem!
1060 1074 1181 1127 NA.
1219 1077 1327 1145 quid
1360 1075 1466 1129 istuc

443 1149 659 1208 turbae'st‚
682 1153 873 1207 obsecro,

148 1386 202 1430 95
241 1375 390 1429 Pugnos
410 1376 450 1414 in
467 1387 632 1415 ventrem
653 1377 753 1428 inge·

92 1432 152 1486 re]
184 1430 343 1471 Vrbane
372 1432 417 1471 In
437 1444 619 1480 ventrem,
648 1429 753 1483 quafi

92 1487 264 1541 parafito.
324 1490 389 1527 An
413 1488 596 1536 Ventrem,
630 1499 754 1526 totum

91 1542 291 1596 pat-alitum
319 1542 435 1583 dicit?
464 1554 504 1583 vt
522 1544 721 1583 Lucilius
712 1556 754 1581 in

92 1597 285 1649 secundo,
322 1600 448 1639 Viuite
477 1601 666 1648 laerones,
701 1613 755 1637 co-

92 1659 282 1706 medones,
319 1659 438 1696 viuite
476 1670 634 1697 ventres.
690 1661 754 1697 An

5 1713 12 1725 “
92 1713 338 1766 simpliciter:
379 1713 469 1765 quia
506 1714 574 1765 qui
611 1711 755 1757 restitit,

94 1783 150 1810 ne
181 1767 361 1821 sequatur
398 1769 616 1810 trahentem
655 1767 755 1807 collo

96 1826 263 1874 obtorto,
294 1824 568 1877 repandumlse
584 1824 686 1873 facit,
718 1834 757 1863 et

96 1894 268 1921 ventrem
287 1882 465 1933 proiicit;
486 1894 604 1934 quum
626 1891 756 1920 autern

95 1940 137 1976 in
159 1948 333 1977 ventrem
352 1936 499 1986 feritur,
521 1948 698 1977 ctu-natur
718 1947 757 1977 et

97 1992 282 2046 sequitur.
340 1996 387 2033 D.

151 2053 207 2102 96
235 2050 387 2089 Oculum
414 2048 582 2103 exclude]
613 2049 674 2090 Al.
696 2063 757 2088 ex-

85 2105 223 2158 sculpe.
281 2108 319 2144 L.

152 2164 301 2200 Omnes
323 2159 439 2199 nostri
461 2171 498 2198 et
518 2161 654 2200 Faerni
673 2159 758 2198 libri

99 2228 254 2272 praeter
271 2216 500 2256 Bembinum
529 2214 590 2253 vbi
608 2214 659 2253 est
675 2214 751 2253 Ex·

88 2275 237 2327 fiulpe,
274 2273 376 2311 refie
402 2271 548 2309 habent
579 2269 755 2310 Exclude.

98 2331 162 2371 Sic
181 2330 302 2369 Plaut.
333 2329 373 2366 in
395 2328 592 2372 Poenulo;
624 2327 742 2365 Exclu

100 2387 181 2426 ‹lim
212 2384 303 2424 mthi
332 2383 446 2422 hercle
466 2382 625 2428 oculum,
644 2383 684 2435 si
703 2385 756 2421 de

103 2445 206 2481 dero.
269 2440 344 2479 bed
388 2454 458 2491 pro
500 2438 617 2478 Locus
656 2440 759 2478 refte

106 2498 237 2538 Bemb.
266 2496 398 2536 Probe.
456 2498 545 2534 Non
578 2496 684 2535 enim
708 2497 758 2534 de

104 2555 213 2602 ioco,
266 2567 386 2603 quern
426 2565 505 2590 non
545 2562 758 2590 mutaturus

105 2621 207 2661 erat,
238 2607 292 2649 est
310 2605 456 2658 serm0;
490 2606 553 2648 sed
573 2609 623 2647 de
645 2606 761 2648 sat-ul-

1393 1232 1463 1277 Mi

804 1385 896 1422 tate,
926 1386 1043 1426 quam
1064 1371 1235 1413 babebat
1256 1370 1467 1414 vlciscendi

803 1431 930 1471 senes
992 1431 1056 1470 Sic
1095 1430 1265 1481 loquitur
1303 1441 1468 1482 quoque

804 1488 958 1528 Plautus
976 1487 1098 1525 Poen.
1119 1499 1162 1532 v,
1185 1499 1223 1539 4,
1247 1487 1312 1537 56.
1361 1486 1469 1525 Nam

800 1542 867 1597 pol
884 1556 949 1598 ego
967 1556 1001 1581 te
1018 1541 1173 1594 vlctscar
1185 1540 1314 1594 probe.
1371 1544 1412 1582 Β.

864 1611 882 1641 1
923 1597 1019 1651 Qis
1050 1601 1219 1638 nominat
1248 1596 1361 1651 me?]
1392 1598 1469 1638 Hic

806 1656 912 1695 velut
940 1654 1202 1694 contr-oueiiia
1223 1653 1296 1694 est:
1330 1655 1372 1693 in
1392 1667 1469 1705 qua

805 1725 891 1752 reus
929 1709 970 1750 fit
1001 1712 1158 1750 maritus
1187 1710 1314 1750 malae
1342 1711 1471 1750 trafta-

807 1768 940 1808 tionis:
980 1778 1022 1807 et
1049 1766 1103 1806 est
1130 1766 1242 1806 status
1274 1767 1469 1819 qualitatis

807 1824 979 1865 venialis.
1037 1826 1086 1865 D.

859 1881 955 1936 Qis
984 1883 1152 1919 nominat
1183 1878 1292 1932 me?]
1321 1878 1366 1917 ῐη
1397 1875 1470 1915 hac

805 1938 930 1978 scena
942 1949 1032 1976 reus
1045 1933 1160 1975 senex
1171 1934 1222 1982 fit,
1234 1934 1341 1985 quod
1353 1934 1468 1972 aliam

808 1994 848 2032 in
875 1994 962 2032 villa
984 2006 1142 2031 vxorem
1167 1990 1355 2029 habuerit.
1407 1987 1470 2028 Est

807 2049 923 2087 status
946 2049 1119 2088 venialis.
1160 2043 1362 2088 Accusatio
1375 2043 1470 2082 hine

808 2106 884 2144 inc·
877 2106 958 2156 ipit,
983 2105 1027 2143 In
1041 2105 1184 2149 Lemno,
1207 2103 1356 2147 clamte,
1377 2112 1472 2138 vxo-

809 2175 884 2199 rem
921 2161 1044 2201 duxit
1095 2160 1202 2197 cuius
1238 2155 1470 2207 improbatio

805 2216 1015 2267 magnifice
1035 2215 1227 2264 completa
1247 2213 1311 2258 est,
1343 2211 1393 2250 Et
1415 2215 1472 2249 in-

805 2273 846 2310 de
858 2271 977 2322 filiam
991 2271 1163 2323 sscepit.
1219 2268 1337 2307 Vnde
1362 2268 1403 2306 in
1416 2265 1473 2305 di-

808 2340 923 2380 gnata
946 2327 1008 2366 hic
1030 2340 1121 2364 vxor
1141 2325 1215 2370 est,
1245 2336 1282 2364 et
1301 2336 1400 2362 conu
1415 2335 1476 2363 er·

809 2386 914 2422 titur.
974 2382 1130 2424 Abhinc
1151 2378 1269 2431 isque
1288 2380 1335 2420 ad
1349 2378 1475 2420 finem

810 2440 1026 2478 continuati
1042 2437 1374 2488 (continuatimZ')
1386 2435 1474 2488 pul-

810 2496 1022 2534 ···Ιιοιιῐιηυς
1061 2496 1108 2531 st
1093 2506 1218 2532 tuum
1255 2504 1293 2533 et
1330 2491 1472 2545 figura·

809 2566 892 2591 rum
913 2553 1009 2590 mdo
1028 2561 1258 2590 contexitur
1317 2551 1361 2589 E·

978 2611 1051 2647 Oo
1082 2621 1111 2660 4
