1875 3308
649 175 949 222 ADELPH.

222 303 463 354 subuenite
487 306 626 370 inopi.
657 303 760 353 ΑΕ.

321 379 512 427 consiste.

1397 190 1460 261 3³5

795 302 954 355 otiose,
989 318 1107 349 nunc
1137 302 1224 349 iam
1259 302 1358 350 ilico
1383 303 1455 352 hic

221 457 344 511 Quid
374 453 621 522 respefilas?
658 455 767 502 nihil
798 448 1024 520 pericli'st:
1063 469 1313 518 nunquam,
1347 455 1454 504 dum

320 549 403 593 ego
427 532 572 584 adero,
594 532 664 579 hic
684 543 727 578 te
749 543 912 591 tanget.

220 603 251 654 S
267 622 316 654 A.
359 613 454 668 Ego
480 606 598 653 istam
623 609 772 653 inuitis
797 605 1018 653 omnibus.

151 698 177 746 5
219 681 261 730 A
279 696 319 728 Ε.
363 688 642 746 Quamquam
669 681 727 728 est
750 680 957 735 scelestUS,
990 699 1082 727 non
1111 683 1355 730 committet
1374 682 1452 731 ho-

321 759 389 807 die
412 775 617 823 vnquam,
642 760 802 805 iterum
825 770 870 806 vt
902 758 1093 823 vapulet.

84 978 226 1019 detulit
257 983 422 1023 Demea.
478 979 642 1020 Interim
669 982 745 1019 Ae-

83 1034 234 1075 schinus
266 1035 482 1085 fidicinam,
512 1033 743 1088 insequente

85 1105 176 1131 eum
194 1094 353 1139 lenone,
381 1093 539 1131 domum
556 1092 742 1135 Micionis

86 1148 256 1188 deduxit.
312 1148 431 1200 Quod
451 1161 537 1187 cum
555 1150 646 1188 leno
671 1149 743 1186 im-

83 1205 240 1258 pedire,
273 1217 351 1256 quo
373 1207 499 1244 minus
519 1203 652 1255 fieret,
683 1216 743 1243 co-

84 1273 262 1308 naretur,
292 1258 458 1301 secunda
477 1271 560 1300 orta
580 1260 634 1300 est
652 1262 742 1309 rixa,

85 1317 137 1357 de
158 1331 232 1368 qua
256 1316 317 1356 hic
338 1319 473 1370 agitur.
520 1329 686 1358 FAERN.

140 1386 164 1415 2
223 1372 416 1411 subuenite
460 1377 588 1425 inopi]
643 1372 744 1412 Vide

83 1442 201 1480 quam
223 1430 430 1481 posteriora
449 1429 744 1469 vehementiora

82 1483 190 1532 (unt,
218 1486 264 1523 ad
296 1485 588 1525 incendendum
618 1497 742 1536 popu·

82 1542 183 1580 lum:
214 1542 340 1593 primo
360 1542 552 1592 mifirum:
581 1541 661 1592 post
684 1543 740 1579 in·

81 1610 294 1636 nocentem:
322 1597 368 1636 ad
399 1598 571 1637 vltirnum
596 1600 741 1649 inopem

81 1651 219 1706 posuit.
251 1665 290 1692 et
317 1655 464 1705 prim0‚
493 1654 603 1705 firte
634 1655 741 1691 auxi-

80 1709 194 1748 lium:
221 1709 323 1760 post,
344 1709 553 1761 fitbuenite.
613 1712 660 1749 Et
686 1721 741 1748 to-

81 1776 161 1804 tum
183 1764 254 1804 hoc
275 1767 509 1818 principium
528 1780 550 1805 a
572 1764 742 1804 beneuo-

68 1822 203 1860 ¹lentia
232 1820 409 1861 sumitur:
451 1835 552 1873 quae
588 1835 741 1873 compa-

84 1889 187 1917 ratur
205 1891 253 1917 ex
281 1878 427 1918 inuidia
447 1879 647 1930 potentiae
667 1882 742 1917 Ae-

81 1931 217 1973 schini.
277 1937 375 1975 Nam
397 1936 587 1973 contraria
607 1935 646 1973 in
669 1942 742 1976 Ae-

82 1987 216 2029 schino
264 1988 369 2040 effe,
425 1991 507 2029 vult
556 1991 738 2044 intelligi.

85 2046 222 2103 Otiose,
242 2060 337 2085 nunc
357 2048 449 2101 ιάηι]
482 2046 618 2097 Otiose,
639 2044 740 2085 secu-

84 2115 128 2141 re
146 2101 340 2156 fignificat.
397 2105 494 2143 Nam
513 2104 581 2142 nili
601 2104 665 2154 qui
689 2101 740 2142 se·

83 2170 192 2197 curus
204 2157 266 2206 est,
278 2157 420 2198 otiosus
433 2172 512 2197 non
524 2158 586 2198 est.
634 2159 738 2198 Otio-

72 2213 139 2265 fi,
172 2228 263 2253 wenc
287 2219 358 2254 iam
385 2215 469 2253 ilico
489 2217 547 2253 ht'c
566 2215 733 2270 confiste]

83 2270 205 2310 Simul
222 2273 426 2323 imperauit
444 2271 612 2318 modum,
642 2283 737 2310 tem-

83 2339 170 2378 pus,
188 2327 323 2373 locum,
347 2327 497 2368 facium.
558 2328 735 2374 Modum,

84 2382 225 2432 otiose:
248 2387 432 2436 Tempus,
443 2397 559 2422 nunc:
577 2388 734 2432 Locum,

84 2436 165 2476 hic:
207 2441 385 2489 Fadium,
419 2441 570 2493 confiste.
636 2442 735 2479 Nam

84 2492 170 2533 Iam
192 2507 230 2532 et
251 2493 362 2543 mico,
389 2497 551 2534 alterum
572 2497 738 2547 tempori

84 2550 322 2602 adiungitur,
356 2552 513 2590 alterum
533 2553 629 2591 loco
687 2558 738 2594 At

86 2606 283 2657 Conststere
312 2605 364 2645 est
392 2609 570 2647 audacler
589 2619 628 2647 et
648 2621 738 2647 con-

69 2661 229 2728 §stantei-
246 2664 362 2702 stare:
382 2675 420 2703 vt
431 2665 552 2717 (Aen.
565 2678 603 2714 v,
613 2667 738 2722 426.),

1358 832 1453 883 SA.

789 976 966 1030 Constitit
984 980 1023 1017 in
1042 978 1186 1033 digitos
1203 980 1382 1034 extemplo
1394 995 1453 1020 ar-

791 1036 911 1074 rec‘tus
937 1049 1101 1088 vterque.
1157 1035 1282 1091 Illico]
1323 1037 1450 1077 Modo

790 1092 949 1140 locum,
993 1104 1075 1131 non
1115 1101 1268 1144 tempus
1305 1092 1452 1147 fignifi-

792 1159 862 1186 cat.
920 1151 972 1189 D.

843 1205 917 1244 Hic
930 1201 1091 1259 confiste]
1121 1206 1208 1245 Hoc
1226 1204 1451 1258 intelligen-

792 1259 902 1309 dum,
937 1261 1015 1299 dici
1043 1262 1090 1300 ad
1118 1262 1325 1300 mulierem
1349 1275 1449 1313 quae

791 1315 935 1356 sublata
946 1317 1010 1356 est.
1045 1318 1153 1359 Dein
1166 1317 1324 1358 adiecit:
1342 1317 1450 1372 Qid

791 1373 994 1426 respec‘tas?
1030 1373 1140 1411 Nihil
1152 1373 1282 1427 pericli
1303 1373 1360 1425 est.
1401 1376 1446 1415 E.

849 1442 872 1482 3
905 1430 1129 1483 Nunquam]
1168 1433 1239 1469 Pro
1265 1443 1338 1468 non
1366 1431 1450 1470 Vir·

792 1484 907 1538 gilius
935 1487 1055 1537 (Aen.
1085 1498 1143 1532 11,
1173 1487 1305 1538 670.),
1339 1486 1448 1526 Nun-

789 1554 897 1594 quam
915 1555 1035 1581 omnes
1055 1540 1163 1581 hodie
1181 1544 1380 1581 moriemur
1393 1545 1448 1582 in-

788 1598 872 1637 ulti.
926 1599 975 1638 D.
1421 1618 1424 1622 ¹

845 1667 872 1705 4
922 1652 1029 1702 Istam
1075 1655 1204 1693 inuitis
1246 1652 1447 1708 omnibus}

787 1708 908 1751 Deest
925 1709 1115 1748 abducam.
1175 1709 1256 1764 Ego
1276 1708 1379 1761 istam
1397 1713 1451 1750 in-

790 1768 881 1804 uitis
913 1764 1099 1812 omnibus]
1146 1769 1253 1805 Bona
1291 1766 1448 1811 ἔλλειψις.

791 1834 909 1860 nemo
947 1823 1055 1860 enim
1098 1822 1219 1874 plene
1254 1823 1441 1876 loquitur,

790 1879 859 1929 qui
877 1878 1049 1917 luelatur.
1102 1882 1154 1920 D.

847 1945 869 1986 5
909 1934 1132 1988 Qanquam
1182 1933 1230 1986 est
1247 1933 1443 2001 scelestus,

788 2004 864 2030 non
891 1991 1111 2045 committet]
1140 1987 1348 2030 Α’νακᾶλυθον
1367 1992 1447 2042 pri-

788 2060 914 2086 mum:
946 2061 1035 2086 nam
1065 2060 1185 2099 quum
1211 2044 1446 2099 praeposuis-

787 2100 843 2142 set
872 2103 1125 2158 Quamquam,
1167 2117 1250 2142 non
1285 2102 1445 2142 subiecit

794 2160 942 2199 Tamen.
993 2161 1223 2210 committet]
1245 2158 1444 2199 Pei-ficiet:

785 2212 851 2254 sed
883 2216 954 2254 hoc
980 2218 1138 2267 proprie
1162 2216 1212 2254 de
1243 2216 1382 2254 illicitis
1404 2225 1446 2254 et

783 2271 995 2323 puniendis
1014 2270 1249 2310 facinoribus
1269 2271 1442 2310 dicimus.

784 2331 834 2368 Et
863 2328 971 2367 {imul
993 2327 1052 2366 hic
1073 2328 1239 2366 ostendit
1261 2326 1444 2369 Comicus

784 2381 1006 2422 adolescens
1018 2384 1158 2423 cedere
1171 2381 1206 2422 se
1224 2384 1370 2431 lenoni,
1389 2384 1444 2422 in·

786 2443 905 2478 uirum
938 2437 975 2477 se
1000 2454 1139 2479 noxam
1171 2436 1361 2478 intuliffe:
1402 2448 1443 2478 et

786 2497 825 2535 id
847 2495 953 2547 quod
973 2494 1120 2542 fecerit,
1139 2494 1269 2535 feciss'e
1289 2496 1444 2534 lenonis

787 2553 910 2603 culpa,
930 2566 1014 2590 non
1034 2550 1106 2590 sua.
1163 2554 1302 2592 Iterum
1322 2567 1362 2590 vt
1384 2565 1446 2589 va-

783 2609 902 2659 pulet]
938 2609 1142 2647 Minaciter
1169 2609 1291 2660 (Mire
1316 2610 1445 2659 vtique

785 2667 848 2717 Z)
879 2668 999 2704 Poeta
1019 2666 1187 2715 priorem
1202 2665 1311 2705 litem
1331 2661 1444 2703 sustu-

897 2719 1032 2762 C2·
1379 2719 1440 2770 lit,
