1875 3292
347 206 437 254 ¹92

739 185 896 230 ACT.
932 184 994 229 V.v
1030 183 1230 230 SCEN.
1265 184 1338 228 VI.

478 317 611 366 Pretii
634 310 719 361 effe
736 318 778 361 te
801 310 934 374 hodie
956 308 1144 358 indicaui
1167 312 1317 357 animo·
1335 324 1453 355 meo.
1580 352 1583 355 Α

415 414 440 462 ς
483 399 604 442 Nam
628 394 662 438 is
687 392 798 438 mihi
818 385 1020 454 profe-sto
1047 386 1105 433 est
1130 386 1274 433 seruos
1296 382 1510 450 spotiatus
1533 384 1658 438 satis,-

480 471 565 518 Cui
588 469 793 516 dominus
813 459 1004 515 curae'st,
1028 465 1085 510 ita
1109 474 1154 509 vt
1173 462 1252 508 tibi
1271 459 1389 514 sensu,
1413 463 1545 511 Geta.

478 551 538 596 Et
560 544 640 593 tibi
660 544 721 592 ob
744 560 839 591 eam
861 558 970 594 rem,
995 538 1024 585 fi
1050 539 1158 603 quid
1179 538 1273 586 vsus
1293 539 1476 590 venerit,

346 769 507 815 teruano
547 776 661 807 notos
697 763 885 805 videmus.
955 763 1009 803 O!

345 831 412 885 qui
433 823 624 877 vocare'f]
654 820 739 862 Post
766 835 812 870 o,
845 821 1013 860 nomine

344 893 558 932 vocaturus,
584 893 668 919 non
689 877 737 917 ha
747 876 944 929 buitquod
958 876 1014 915 di·

346 951 472 983 ceret:
506 949 545 979 et
583 937 674 976 ideo
717 932 894 982 subiecit,
931 934 1013 988 Qaei

349 996 507 1041 vocare?
533 994 646 1047 Virg.
677 993 799 1043 (Aen.
830 1005 867 1040 1,
900 995 1011 1044 327.)

350 1057 387 1096 O
415 1068 526 1109 quam
552 1064 589 1090 te
621 1063 839 1096 memorem,
872 1049 1012 1102 virgo?

348 1123 505 1165 namque
533 1108 624 1149 hant
658 1105 729 1146 tibi
758 1105 883 1144 vultus
906 1106 1012 1144 Mor-

348 1169 463 1211 talis:
490 1179 554 1206 nec
580 1177 658 1203 vox
687 1162 868 1202 hominem
883 1161 1011 1212 fimat.

348 1241 372 1266 ο
393 1226 462 1266 dea
478 1235 595 1268 certe,
624 1221 686 1259 An
708 1217 845 1258 Phoebi
871 1218 1014 1269 fhror:

349 1297 400 1323 an
417 1278 680 1332 Nympharum
694 1276 892 1330 fi171guinis
912 1278 1012 1314 vna?

347 1338 471 1383 Moris
491 1335 547 1376 est
565 1345 696 1375 autem
710 1334 916 1373 inferiores
928 1343 1011 1382 pro·

349 1396 437 1450 prio
456 1392 623 1433 nomine
641 1390 783 1437 vocari,
813 1388 839 1428 fi
861 1386 1011 1427 blandi-

350 1453 384 1493 ri
404 1450 507 1492 veiis.
537 1446 600 1488 sed
628 1446 692 1486 hic
720 1446 890 1486 nominis
921 1443 1015 1483 obli·

351 1520 439 1556 tus,
475 1507 570 1546 dum
598 1503 745 1543 dubitat
774 1513 813 1542 et
837 1501 1011 1554 inquirit,

350 1563 515 1607 inhaesit
537 1560 774 1615 pronomini.
831 1561 882 1600 D.

408 1636 436 1674 4
465 1622 600 1659 Animo
619 1621 714 1661 meo]
745 1619 832 1656 Hoc
850 1613 924 1661 est,
958 1612 1013 1653 se-

351 1677 528 1718 cundum
556 1673 678 1713 animi
715 1671 793 1710 mei
829 1669 1014 1709 sententi-

353 1749 435 1782 am,
476 1741 517 1771 et
545 1740 730 1781 quantum
762 1725 811 1765 ad
839 1726 1013 1765 animum

352 1803 488 1832 meum
508 1786 693 1838 pertinet.
752 1783 801 1821 D.

408 1845 523 1886 Recte
550 1841 683 1883 Bemb.
719 1838 842 1878 Pr‘em
879 1851 914 1877 te
952 1836 1014 1889 effi

355 1903 477 1942 hodie.
519 1902 580 1940 Ne
592 1899 698 1938 Preti
709 1907 832 1936 totum
844 1896 886 1934 in
896 1893 1013 1935 Thefi

353 1959 584 2001 occultetur.
639 1958 680 1994 B.

414 2029 438 2071 5
471 2015 573 2053 Nam
599 2014 631 2051 is
662 2009 753 2050 mihi
779 2007 826 2060 est
841 2007 1015 2060 profic‘lo

343 2070 496 2126 seruos]
527 2072 574 2108 In
603 2068 677 2107 hoc
706 2064 900 2105 laudando
929 2064 1018 2114 quia

355 2143 440 2169 non
470 2125 636 2169 laborat,
665 2122 824 2163 subiecit
847 2119 1014 2174 speciaii7

355 2197 415 2226 ter
433 2184 570 2224 merita
592 2183 694 2220 eius:
725 2190 800 2226 aut,
834 2191 874 2216 vt
891 2176 1014 2215 existi-

355 2256 433 2288 m0,
452 2240 553 2280 nihil
572 2237 705 2277 habuit
733 2234 840 2287 quod
869 2234 1015 2272 diceret

356 2298 425 2339 nifi
453 2295 632 2341 laudem,
672 2293 753 2332 fine
785 2291 894 2330 vllius
925 2288 1013 2329 saffi

356 2355 575 2394 mentione.
633 2353 679 2392 Et
719 2347 832 2394 mihi,
873 2346 912 2385 id
949 2345 1014 2389 est,

355 2422 544 2462 quantum
577 2407 625 2447 ad
658 2405 844 2446 iudicium
882 2415 1017 2443 meum

356 2468 538 2520 pettinet.
593 2461 660 2504 D(

413 2527 437 2565 6
468 2523 537 2562 Cui
584 2522 752 2559 dominus
799 2530 906 2556 curae
949 2514 1016 2570 eli]

357 2581 496 2629 Quum
514 2577 577 2616 hic
589 2576 763 2616 dominas
773 2573 925 2621 habeat,
936 2573 1018 2612 Do-

356 2638 499 2675 minum
533 2633 649 2672 dixit:
696 2632 785 2682 quia
822 2630 1019 2682 praeualet

357 2690 619 2735 masculinum.
675 2689 782 2740 Virg.
811 2689 930 2740 (Aen.
966 2698 1016 2734 11,

1541 612 1723 660 Lubens

1062 761 1176 813 632.)
1205 757 1406 810 Defiendo,
1426 771 1470 798 ac
1486 757 1637 797 ducente
1656 757 1722 797 deo

1053 816 1250 870 flammam
1273 819 1372 854 inter
1398 827 1436 863 ep
1455 814 1582 867 hostes·
1600 813 1724 866 Expe-

1063 876 1158 915 dior.
1217 876 1266 913 Et
1295 871 1494 925 praeterea
1530 869 1726 912 sententia

1063 930 1258 985 generalis
1280 928 1486 975 inducitur,
1506 939 1626 979 quum
1643 927 1726 966 nul·

1064 990 1144 1028 lum
1163 984 1377 1041 specialiter
1396 983 1725 1037 dominumfigni-

1062 1044 1160 1084 fleat.
1219 1045 1280 1082 Ita
1307 1055 1350 1082 vt
1369 1040 1440 1081 tihi
1455 1039 1578 1092 finst,
1610 1039 1724 1094 Geta]

1062 1101 1280 1142 Maximum
1325 1097 1629 1139 delinimentum
1667 1097 1725 1135 in-

1060 1157 1149 1205 fert,
1168 1170 1255 1196 eum
1270 1156 1436 1195 nomine
1448 1167 1601 1201 means,
1616 1151 1724 1205 quod

1063 1226 1213 1254 tantum
1247 1213 1367 1265 (quod
1387 1212 1566 1263 vfi'tasum
1590 1212 1649 1262 in)
1671 1207 1726 1249 su-

1063 1270 1281 1324 perioribus
1302 1267 1365 1308 est.
1422 1271 1471 1309 Et
1500 1267 1589 1306 vide
1607 1280 1726 1319 quam

1062 1339 1181 1382 grate,
1201 1325 1401 1378 postquam
1421 1322 1503 1376 ipse
1521 1324 1629 1370 dixit,
1657 1335 1725 1361 no·

1061 1386 1170 1425 mine
1190 1382 1554 1434 appellauitGetam
1573 1376 1660 1431 (Ms.
1674 1381 1725 1419 H.

1064 1440 1262 1494 Postquam
1288 1438 1459 1486 audiuit,
1486 1437 1543 1477 bis
1581 1439 1727 1482 nomine

1062 1498 1265 1552 appellauit
1284 1494 1428 1535 Getam.
1486 1496 1613 1542 Forte,
1627 1490 1728 1544 Post-

1063 1568 1170 1609 quam
1189 1552 1261 1607 ipsi.²
1279 1552 1380 1593 dixit
1397 1565 1528 1596 nomen
1539 1580 1550 1599 ,
1580 1549 1727 1601 nomine

1062 1627 1095 1651 a.
1118 1612 1195 1663 G.).
1252 1610 1302 1648 D.
1714 1650 1721 1659 ‹

1121 1668 1180 1706 Ita
1199 1679 1242 1705 vt
1261 1661 1454 1712 tibifinfi',
1478 1662 1590 1715 Geta]
1619 1665 1671 1701 Vt
1684 1662 1726 1700 ti-

1064 1723 1104 1761 bi
1125 1734 1240 1761 curae
1257 1717 1368 1759 fuiffe
1394 1717 1486 1758 senfi
1506 1719 1724 1758 dominum.

1063 1779 1241 1820 Domino
1260 1776 1366 1816 enim
1384 1773 1438 1816 est
1466 1775 1635 1828 optimus
1655 1771 1728 1821 set-5

1066 1850 1154 1884 uus,
1195 1834 1218 1873 fi
1249 1832 1431 1871 dominus
1461 1831 1516 1871 est
1542 1829 1723 1883 affabilis!

1065 1891 1142 1931 hoe
1175 1890 1249 1937 est,
1289 1889 1487 1941 benignus
1516 1899 1555 1926 et
1580 1885 1726 1930 obtem:

1064 1961 1202 2001 perare
1228 1955 1388 2000 propter
1406 1944 1622 1984 bonitatem
1644 1940 1727 1997 ρο(-

1064 2004 1119 2044 fir.
1175 2007 1217 2045 E.
1722 2044 1723 2049 Ἰ

1124 2058 1261 2100 Versus
1308 2057 1559 2098 commendat
1596 2057 1727 2104 lecffio-⁴

1063 2132 1156 2157 nem
1184 2117 1363 2158 Bembini
1397 2117 1458 2157 Vti
1485 2128 1556 2167 pro
1578 2114 1726 2167 vulgari

1065 2176 1129 2216 Vc.
1190 2178 1229 2215 B.

1119 2243 1147 2284 7
1179 2233 1229 2270 Et
1249 2231 1323 2270 tibi
1339 2228 1382 2268 ob
1393 2244 1471 2269 eam
1490 2227 1585 2282 rem]
1614 2221 1727 2276 Quid

1064 2287 1113 2327 Et
1134 2287 1204 2328 tibi
1216 2285 1237 2330 ’,ἶ
1258 2299 1382 2326 vti-um
1394 2285 1728 2338 quemadmodum

1064 2345 1182 2388 aliis?
1202 2359 1247 2382 an
1262 2342 1590 2395 quemadmodum
1603 2340 1729 2394 Syro?

1065 2401 1118 2441 Et
1145 2401 1217 2441 tibi
1244 2400 1285 2441 ob
1316 2414 1394 2438 eam
1410 2415 1484 2439 rem
1494 2398 1628 2452 siquid
1643 2396 1728 2448 vfics

1065 2458 1222 2511 venerit]
1267 2455 1451 2498 Defessus
1479 2454 1636 2507 quidam
1667 2467 1730 2504 ru-.v

1068 2516 1146 2554 ilici
1182 2526 1337 2566 praeter
1367 2525 1546 2552 naturam
1575 2509 1730 2549 blandi-

1067 2572 1177 2617 entis,
1201 2572 1305 2623 cogit
1326 2569 1423 2609 dieta
1449 2579 1626 2620 repetere
1645 2564 1726 2606 {ine

1067 2629 1199 2680 gratia.
1260 2631 1344 2666 Hae
1365 2637 1494 2665 aurem
1516 2623 1726 2675 promistio-

1067 2696 1137 2723 nes
1166 2683 1217 2723 ad
1241 2682 1315 2723 hoc
1337 2682 1654 2737 praemittuntur.
1689 2688 1725 2717 vt

1607 2749 1728 2787 quum
