1875 3308
706 223 1006 272 ADELPH.
1062 267 1074 274 ..

1409 237 1493 273 121

1195 298 1215 326 Χ

274 347 382 400 CT.
419 354 543 398 Prter
575 349 662 398 est?
698 347 789 398 Sv.
822 351 937 417 ipsus
966 347 1039 396 est.
1076 344 1184 397 CT.
1223 353 1356 414 Syre,
1396 354 1503 415 quid

372 428 572 488 agimus?
613 424 698 474 ΞΥ.
734 428 836 488 fuge
857 426 1151 488 modointro:
1191 441 1276 488 ego
1299 427 1466 478 videro.

271 498 384 551 CT.
418 500 466 550 Si
488 503 592 566 quid
614 503 809 564 rogabit,

843 501 1053 566 nusquam
1086 511 1243 552 turne.
1276 498 1507 557 audistin'?

372 575 462 624 ὃν.
500 581 626 644 potin
652 589 698 626 vt
720 575 912 626 desinas?

215 705 520 759 ACTVS
581 703 948 767 QVARTI
1000 705 1303 759 SCENA
1356 703 1431 756 11.

389 796 616 836 DEMEA.
672 794 998 835 cTEsu’HO.
1055 794 1307 837 SYRvs.·

140 907 237 1024 N

143 1151 219 1192 &io
249 1148 303 1190 est
326 1149 367 1188 in
388 1148 462 1189 hoc
489 1147 722 1201 prouerbio:
753 1158 805 1189 at·

143 1220 222 1258 que
256 1203 443 1246 eiusmodi
474 1205 627 1246 filentio
665 1205 725 1243 vel
760 1205 802 1243 in

145 1261 228 1315 ipso
251 1261 378 1310 verbo,
407 1272 447 1300 vt
468 1259 546 1313 ipsa
565 1260 696 1300 fabula
717 1261 805 1314 (At-

144 1333 213 1373 que
245 1317 421 1369 eiusmodi
438 1315 594 1366 filantii,
620 1330 664 1356 vt
680 1316 741 1356 vel
766 1318 807 1355 in

145 1374 223 1427 ipso
247 1372 358 1428 verbo
381 1373 543 1423 Fabula)
563 1370 805 1415 conticescat.

146 1433 248 1481 Quia
284 1431 422 1484 lupum
461 1426 596 1469 vidisse
625 1427 806 1467 homines

146 1487 321 1538 dicimus,
345 1487 586 1537 quii-epente
604 1483 807 1523 obmutue-

146 1544 247 1584 rint:
272 1540 474 1593 quodfere
488 1543 531 1580 iis
544 1542 688 1587 euenit,
709 1552 806 1591 quos

146 1601 250 1652 prior
269 1598 408 1637 viderit
426 1598 560 1648 lupus:
591 1608 630 1634 vt
648 1609 735 1634 cum
748 1608 806 1633 co-

147 1655 341 1709 gitatione
360 1654 400 1691 in
422 1666 498 1703 qua
508 1650 664 1697 fuerint,
692 1652 807 1691 etiam

145 1723 244 1750 voce
287 1718 326 1749 et
362 1707 487 1748 verbis
525 1717 688 1746 careant.
746 1706 808 1746 Sic

144 1766 377 1808 Theocritus
412 1763 539 1817 (ldle.
569 1762 659 1812 xlv',
693 1763 825 1813 22.)‚‘

148 1826 168 1862 ιὶ
191 1827 344 1870 Φθέγξῃ3
373 1819 469 1859 λύκον
490 1818 586 1863 εἶδες.
633 1823 681 1860 Et
700 1820 808 1871 Virg.

146 1879 244 1933 (Ecl.
265 1890 322 1924 IX,
344 1878 431 1930 54.)
462 1890 541 1916 vox·
553 1888 692 1929 quoque
703 1874 810 1917 Moe-

149 1938 211 1975 rin
260 1933 338 1972 Iam
356 1932 464 1987 fugit
487 1931 583 1985 ipsit,
610 1933 687 1984 lupi
707 1932 811 1971 Moe·

149 1996 210 2031 rin
248 1990 373 2028 videre
406 1991 566 2042 priores.
621 1988 701 2028 Alii
740 1996 810 2039 pu-

151 2056 235 2087 tant
245 2057 293 2084 ex
309 2045 501 2084 uun-icum
513 2042 647 2084 fabulis
658 2051 804 2090 natum,

151 2114 293 2157 pueros
305 2099 584 2141 ludificantium
601 2100 810 2142 terrm-elu-

151 2159 215 2212 pi,
250 2157 433 2210 paulatim
454 2159 587 2210 Capua
610 2157 694 2209 (alii
716 2171 733 2195 e
753 2169 810 2209 ca.

150 2228 230 2254 uea.
288 2213 446 2262 Malim,
479 2214 518 2252 in
540 2213 674 2266 cafitm)
706 2212 811 2252 veni*

151 2270 253 2310 entis
286 2267 405 2320 vsque
424 2269 472 2309 ad
492 2270 612 2310 limen
634 2268 808 2311 cubiculi.

151 2329 253 2368 Nam
294 2323 424 2365 falsum
451 2326 505 2366 est
533 2325 636 2377 quod
662 2324 811 2369 dicitur,

152 2379 407 2422 interueniffe
428 2383 565 2434 lupum
589 2381 812 2421 Naeuianae

150 2437 331 2486 fabulae,
377 2438 599 2478 Alimoniae
629 2437 738 2478 Remi
772 2444 813 2474 et

151 2495 327 2542 Romuli,
360 2493 452 2533 dum
479 2495 520 2533 in
550 2493 699 2533 theatro
720 2504 812 2546 age·

153 2563 271 2592 retur.
326 2552 374 2591 D.

123 2602 129 2607 ’
212 2607 336 2659 Lupus
361 2607 401 2644 in
422 2602 577 2656 fizbula]
612 2603 814 2645 Prouerbi-

154 2674 233 2711 um,
255 2675 343 2701 cum
364 2660 443 2713 ipse
462 2660 633 2710 aduenit,
662 2661 712 2700 de
733 2672 813 2713 quo

129 2715 133 2719 ’
155 2719 362 2771 loquimur.
423 2719 466 2758 E.

256 932 323 961 ΑΕ
372 930 493 960 Eoo
537 912 674 959 homo
714 911 807 959 sum
850 908 1026 962 infelix!
1091 913 1292 979 primum
1330 911 1510 961 fratrem

376 988 585 1053 nusquam
607 990 787 1047 inuenio
810 990 1033 1050 gentium:

1383 1066 1513 1112 Prae-

906 1147 1034 1202 Lupus
1051 1148 1092 1188 in
1099 1146 1257 1202 fibula]
1284 1148 1442 1188 Plautus
1467 1149 1514 1190 in

853 1205 986 1246 Sticho
1004 1218 1061 1250 lv,
1090 1218 1118 1253 1,
1137 1217 1204 1257 71.
1260 1206 1383 1258 Atque
1393 1217 1513 1245 eccum

854 1259 924 1300 tibi
944 1260 1065 1314 lupum
1076 1260 1116 1301 in
1126 1260 1322 1311 sermon&
1343 1260 1514 1313 praesens

854 1315 1013 1369 finiens
1050 1317 1158 1370 adest.
1198 1314 1370 1358 Vidend.
1403 1316 1515 1358 Suid.

855 1379 883 1412 εΞ
904 1382 957 1410 nx)
975 1369 1062 1412 Λύκε
1083 1370 1254 1420 ἐμνήσθης,
1313 1375 1357 1414 L.

910 1441 965 1471 22
1003 1429 1105 1484 Fuge
1131 1429 1238 1468 modo
1265 1431 1383 1481 intro]
1424 1431 1516 1470 Non
1588 1478 1593 1479 ⁷

856 1483 954 1523 dixit
974 1485 1005 1533 I,
1041 1486 1100 1525 vel
1123 1484 1197 1532 abi,
1224 1486 1286 1525 vel
1308 1482 1423 1525 vade:
1451 1483 1517 1525 sed

844 1541 970 1594 fizge,
1019 1551 1124 1582 tanta
1172 1541 1367 1582 celeritate.
1418 1553 1517 1593 opus

859 1598 923 1636 est.
964 1599 1028 1636 D.

909 1656 1008 1692 Tres
1032 1664 1081 1691 ex
1102 1650 1237 1693 nostris
1258 1651 1417 1694 Paterae
1437 1651 1482 1704 est
1499 1653 1518 1695 ἲ

857 1706 976 1760 Ipfics.
1015 1712 1133 1761 Lege,
1156 1708 1337 1750 Paterne?
1357 1708 1516 1762 Isipfias.

858 1764 950 1807 Vid.
974 1763 1124 1805 Phorm.
1155 1775 1188 1813 1,
1219 1777 1255 1818 3,
1278 1768 1343 1808 26.
1394 1761 1517 1804 Versu

858 1833 914 1862 20
944 1833 1015 1873 pro
1053 1819 1190 1864 Meas?
1238 1822 1353 1875 lege,
1393 1820 1527 1875 Mensa

858 1880 935 1917 ne?
990 1879 1032 1917 B.
1425 1897 1427 1900 ·

913 1945 965 1986 23
994 1934 1035 1974 Si
1052 1933 1146 1987 quid
1155 1931 1319 1988 rogabit,
1337 1931 1520 1986 nusquam

857 2002 899 2030 tu
922 1991 991 2038 me]
1022 1993 1172 2043 Magna
1202 1991 1342 2031 virtute
1367 1992 1521 2028 Teren-

858 2047 933 2086 tius
962 2045 1118 2095 rudem,
1154 2044 1388 2097 fimplicem,
1421 2044 1522 2083 timi·

859 2102 1034 2154 dumque
1061 2101 1211 2142 inducit
1238 2100 1520 2154 Ctefiphonem

859 2157 906 2199 ab
928 2158 1062 2198 initio:
1089 2168 1126 2199 vt
1145 2158 1175 2197 is
1193 2157 1248 2205 sit,
1268 2158 1437 2209 quimox
1451 2169 1521 2207 op·

860 2217 1086 2266 primeretur
1115 2226 1202 2255 cum
1227 2213 1432 2254 meretrice
1461 2224 1521 2251 ac-

860 2270 1058 2318 cumbenS,
1083 2269 1313 2310 interuentu
1323 2270 1446 2318 patris,
1469 2267 1519 2307 ob

862 2326 1165 2378 imprudentiam
1194 2337 1238 2364 ac
1271 2323 1522 2365 rusticitatem

862 2380 976 2422 suam.
1032 2381 1222 2435 Nusqraeam
1243 2393 1283 2421 tu
1302 2389 1372 2430 me]
1401 2382 1522 2420 Fami-

861 2439 963 2478 liaris
985 2433 1128 2481 ἔλλειψις
1148 2448 1188 2476 et
1207 2447 1296 2488 apra
1315 2449 1523 2490 properan-

862 2495 902 2533 ti.
931 2505 1053 2545 quare
1073 2493 1165 2532 haec
1178 2493 1310 2533 omnia
1322 2490 1444 2548 press'a
1455 2506 1521 2530 vo-

863 2563 909 2588 ce
929 2562 1017 2589 cum
1039 2550 1240 2591 celeritate
1257 2550 1522 2603 pronuncian-

863 2606 911 2646 da
930 2602 1023 2644 sunt.
1078 2610 1128 2647 D.

923 2673 939 2702 1
972 2662 1060 2701 Nae
1086 2675 1153 2716 ego
1182 2660 1291 2700 bomo
1309 2661 1398 2712 fiam
1431 2659 1525 2710 infe-

864 2717 939 2771 lix]
970 2720 1012 2756 ln
1051 2715 1125 2757 hoc
1163 2719 1262 2759 Astu
1299 2717 1525 2769 exemplum

975 2775 1013 2814 H
1045 2784 1065 2824 5
1461 2770 1525 2818 est,
