<?xml version="1.0" encoding="UTF-8"?>
<!DOCTYPE html PUBLIC "-//W3C//DTD XHTML 1.0 Transitional//EN"
    "http://www.w3.org/TR/xhtml1/DTD/xhtml1-transitional.dtd">
<html xmlns="http://www.w3.org/1999/xhtml" xml:lang="en" lang="en">
 <head>
  <title>
</title>
<meta http-equiv="Content-Type" content="text/html;charset=utf-8" />
  <meta name='ocr-system' content='tesseract 3.04.00' />
  <meta name='ocr-capabilities' content='ocr_page ocr_carea ocr_par ocr_line ocrx_word'/>
</head>
<body>
  <div class='ocr_page' id='page_1' title='image "./comoediaesexexre02tereuoft_0077.png"; bbox 0 0 1875 3308; ppageno 0'>
   <div class='ocr_carea' id='block_1_1' title="bbox 0 2943 23 3308">
    <p class='ocr_par' dir='ltr' id='par_1_1' title="bbox 0 2943 23 3308">
     <span class='ocr_line' id='line_1_1' title="bbox 0 2943 23 3308; baseline 0 0"><span class='ocrx_word' id='word_1_1' title='bbox 0 2943 23 3308; x_wconf 95' lang='lat' dir='ltr'> </span> 
     </span>
    </p>
   </div>
   <div class='ocr_carea' id='block_1_2' title="bbox 642 189 936 237">
    <p class='ocr_par' dir='ltr' id='par_1_2' title="bbox 642 189 936 237">
     <span class='ocr_line' id='line_1_2' title="bbox 642 189 936 237; baseline 0 -1"><span class='ocrx_word' id='word_1_2' title='bbox 642 189 936 237; x_wconf 79' lang='lat' dir='ltr'>ADELPH.</span> 
     </span>
    </p>
   </div>
   <div class='ocr_carea' id='block_1_3' title="bbox 1383 209 1453 254">
    <p class='ocr_par' dir='ltr' id='par_1_3' title="bbox 1383 209 1453 254">
     <span class='ocr_line' id='line_1_3' title="bbox 1383 209 1453 254; baseline 0.014 -1"><span class='ocrx_word' id='word_1_3' title='bbox 1383 209 1453 254; x_wconf 81' lang='lat'>49</span> 
     </span>
    </p>
   </div>
   <div class='ocr_carea' id='block_1_4' title="bbox 219 315 1446 378">
    <p class='ocr_par' dir='ltr' id='par_1_4' title="bbox 219 315 1446 378">
     <span class='ocr_line' id='line_1_4' title="bbox 219 315 1446 378; baseline 0.003 -14"><span class='ocrx_word' id='word_1_4' title='bbox 219 318 451 365; x_wconf 83' lang='lat' dir='ltr'>Pecuniam</span> <span class='ocrx_word' id='word_1_5' title='bbox 469 320 516 364; x_wconf 72' lang='lat' dir='ltr'>in</span> <span class='ocrx_word' id='word_1_6' title='bbox 542 316 640 377; x_wconf 79' lang='lat' dir='ltr'>loco</span> <span class='ocrx_word' id='word_1_7' title='bbox 663 316 898 378; x_wconf 87' lang='lat' dir='ltr'>negligere,</span> <span class='ocrx_word' id='word_1_8' title='bbox 921 319 1156 363; x_wconf 76' lang='lat' dir='ltr'>maximum</span> <span class='ocrx_word' id='word_1_9' title='bbox 1178 315 1446 368; x_wconf 74' lang='lat' dir='ltr'>interflum&#39;st</span> 
     </span>
    </p>
   </div>
   <div class='ocr_carea' id='block_1_5' title="bbox 316 393 644 441">
    <p class='ocr_par' dir='ltr' id='par_1_5' title="bbox 316 393 644 441">
     <span class='ocr_line' id='line_1_5' title="bbox 316 393 644 441; baseline 0.003 -2"><span class='ocrx_word' id='word_1_10' title='bbox 316 393 502 440; x_wconf 82' lang='lat' dir='ltr'>lucrum.</span> <span class='ocrx_word' id='word_1_11' title='bbox 542 394 644 441; x_wconf 84' lang='lat' dir='ltr'>hui!</span> 
     </span>
    </p>
   </div>
   <div class='ocr_carea' id='block_1_6' title="bbox 215 465 1445 534">
    <p class='ocr_par' dir='ltr' id='par_1_6' title="bbox 215 465 1445 534">
     <span class='ocr_line' id='line_1_6' title="bbox 215 465 1445 534; baseline 0.002 -19"><span class='ocrx_word' id='word_1_12' title='bbox 215 468 434 522; x_wconf 83' lang='lat' dir='ltr'>Metuisti,</span> <span class='ocrx_word' id='word_1_13' title='bbox 481 468 510 515; x_wconf 79' lang='lat' dir='ltr'>fi</span> <span class='ocrx_word' id='word_1_14' title='bbox 545 485 663 515; x_wconf 85' lang='lat' dir='ltr'>nunc</span> <span class='ocrx_word' id='word_1_15' title='bbox 694 465 748 514; x_wconf 88' lang='lat' dir='ltr'>de</span> <span class='ocrx_word' id='word_1_16' title='bbox 778 477 856 514; x_wconf 87' lang='lat' dir='ltr'>tuo</span> <span class='ocrx_word' id='word_1_17' title='bbox 881 469 975 514; x_wconf 79' lang='lat' dir='ltr'>iure</span> <span class='ocrx_word' id='word_1_18' title='bbox 999 465 1259 515; x_wconf 70' lang='lat' dir='ltr'>concessisses</span> <span class='ocrx_word' id='word_1_19' title='bbox 1287 471 1445 534; x_wconf 86' lang='lat' dir='ltr'>paulu-</span> 
     </span>
    </p>
   </div>
   <div class='ocr_carea' id='block_1_7' title="bbox 115 543 569 608">
    <p class='ocr_par' dir='ltr' id='par_1_7' title="bbox 115 543 569 608">
     <span class='ocr_line' id='line_1_7' title="bbox 115 543 569 608; baseline 0 -18"><span class='ocrx_word' id='word_1_20' title='bbox 115 563 119 582; x_wconf 63' lang='lat'><strong>»</strong></span> <span class='ocrx_word' id='word_1_21' title='bbox 197 543 205 553; x_wconf 69' lang='grc'><strong>“</strong></span> <span class='ocrx_word' id='word_1_22' title='bbox 312 545 418 597; x_wconf 84' lang='lat' dir='ltr'>lum,</span> <span class='ocrx_word' id='word_1_23' title='bbox 440 556 569 608; x_wconf 82' lang='lat' dir='ltr'><strong>atque</strong></span> 
     </span>
    </p>
   </div>
   <div class='ocr_carea' id='block_1_8' title="bbox 119 618 1443 679">
    <p class='ocr_par' dir='ltr' id='par_1_8' title="bbox 119 618 1443 679">
     <span class='ocr_line' id='line_1_8' title="bbox 119 618 1443 679; baseline 0.003 -14"><span class='ocrx_word' id='word_1_24' title='bbox 119 628 143 665; x_wconf 74' lang='lat'><em>1</em></span> <span class='ocrx_word' id='word_1_25' title='bbox 154 637 184 668; x_wconf 89' lang='lat'><em>0</em></span> <span class='ocrx_word' id='word_1_26' title='bbox 214 619 486 667; x_wconf 79' lang='lat' dir='ltr'>Adolescenti</span> <span class='ocrx_word' id='word_1_27' title='bbox 506 618 608 667; x_wconf 81' lang='lat' dir='ltr'>effes</span> <span class='ocrx_word' id='word_1_28' title='bbox 623 619 925 679; x_wconf 85' lang='lat' dir='ltr'>morigeratus.</span> <span class='ocrx_word' id='word_1_29' title='bbox 948 619 1182 665; x_wconf 82' lang='lat' dir='ltr'>hominum</span> <span class='ocrx_word' id='word_1_30' title='bbox 1196 619 1332 668; x_wconf 88' lang='lat' dir='ltr'>homo</span> <span class='ocrx_word' id='word_1_31' title='bbox 1347 620 1443 669; x_wconf 85' lang='lat' dir='ltr'><strong>stul·</strong></span> 
     </span>
    </p>
   </div>
   <div class='ocr_carea' id='block_1_9' title="bbox 313 693 477 748">
    <p class='ocr_par' dir='ltr' id='par_1_9' title="bbox 313 693 477 748">
     <span class='ocr_line' id='line_1_9' title="bbox 313 693 477 748; baseline 0 -6"><span class='ocrx_word' id='word_1_32' title='bbox 313 693 477 748; x_wconf 80' lang='lat' dir='ltr'>tiffime,</span> 
     </span>
    </p>
   </div>
   <div class='ocr_carea' id='block_1_10' title="bbox 213 767 1441 838">
    <p class='ocr_par' dir='ltr' id='par_1_10' title="bbox 213 767 1441 838">
     <span class='ocr_line' id='line_1_10' title="bbox 213 767 1441 838; baseline -0.006 -20"><span class='ocrx_word' id='word_1_33' title='bbox 213 773 289 818; x_wconf 87' lang='lat' dir='ltr'>Ne</span> <span class='ocrx_word' id='word_1_34' title='bbox 308 788 400 816; x_wconf 87' lang='lat' dir='ltr'>non</span> <span class='ocrx_word' id='word_1_35' title='bbox 421 772 500 818; x_wconf 85' lang='lat' dir='ltr'>tibi</span> <span class='ocrx_word' id='word_1_36' title='bbox 519 768 626 817; x_wconf 86' lang='lat' dir='ltr'>istuc</span> <span class='ocrx_word' id='word_1_37' title='bbox 645 769 904 816; x_wconf 84' lang='lat' dir='ltr'>foeneraret.</span> <span class='ocrx_word' id='word_1_38' title='bbox 940 767 1035 816; x_wconf 74' lang='lat' dir='ltr'>SA.</span> <span class='ocrx_word' id='word_1_39' title='bbox 1072 773 1170 831; x_wconf 85' lang='lat' dir='ltr'>Ego</span> <span class='ocrx_word' id='word_1_40' title='bbox 1204 770 1322 838; x_wconf 85' lang='lat' dir='ltr'>spem</span> <span class='ocrx_word' id='word_1_41' title='bbox 1342 790 1441 838; x_wconf 80' lang='lat' dir='ltr'>pre-</span> 
     </span>
    </p>
   </div>
   <div class='ocr_carea' id='block_1_11' title="bbox 310 849 632 894">
    <p class='ocr_par' dir='ltr' id='par_1_11' title="bbox 310 849 632 894">
     <span class='ocr_line' id='line_1_11' title="bbox 310 849 632 894; baseline -0.003 -2"><span class='ocrx_word' id='word_1_42' title='bbox 310 849 373 892; x_wconf 81' lang='lat' dir='ltr'>tio</span> <span class='ocrx_word' id='word_1_43' title='bbox 394 863 487 894; x_wconf 86' lang='lat' dir='ltr'>non</span> <span class='ocrx_word' id='word_1_44' title='bbox 515 861 632 893; x_wconf 84' lang='lat' dir='ltr'>emo.</span> 
     </span>
    </p>
   </div>
   <div class='ocr_carea' id='block_1_12' title="bbox 47 1062 733 2739">
    <p class='ocr_par' dir='ltr' id='par_1_12' title="bbox 77 1062 731 1284">
     <span class='ocr_line' id='line_1_12' title="bbox 118 1062 731 1121; baseline -0.003 -19"><span class='ocrx_word' id='word_1_45' title='bbox 118 1064 156 1112; x_wconf 56' lang='lat'>”8</span> <span class='ocrx_word' id='word_1_46' title='bbox 189 1062 234 1103; x_wconf 72' lang='lat' dir='ltr'>ln</span> <span class='ocrx_word' id='word_1_47' title='bbox 262 1064 341 1104; x_wconf 72' lang='lat' dir='ltr'>loco</span> <span class='ocrx_word' id='word_1_48' title='bbox 374 1064 574 1121; x_wconf 81' lang='lat' dir='ltr'><em>negligere,</em></span> <span class='ocrx_word' id='word_1_49' title='bbox 612 1063 731 1102; x_wconf 80' lang='lat' dir='ltr'><em>maxi-</em></span> 
     </span>
     <span class='ocr_line' id='line_1_13' title="bbox 77 1120 733 1174; baseline 0.002 -15"><span class='ocrx_word' id='word_1_50' title='bbox 77 1132 174 1159; x_wconf 78' lang='lat' dir='ltr'>mum</span> <span class='ocrx_word' id='word_1_51' title='bbox 195 1121 382 1161; x_wconf 75' lang='lat' dir='ltr'><em>mtetdum</em></span> <span class='ocrx_word' id='word_1_52' title='bbox 400 1123 447 1174; x_wconf 72' lang='lat' dir='ltr'>est</span> <span class='ocrx_word' id='word_1_53' title='bbox 464 1120 630 1174; x_wconf 82' lang='lat' dir='ltr'><em>lucrum]</em></span> <span class='ocrx_word' id='word_1_54' title='bbox 660 1123 733 1160; x_wconf 82' lang='lat' dir='ltr'>Be·</span> 
     </span>
     <span class='ocr_line' id='line_1_14' title="bbox 79 1176 731 1224; baseline -0.002 -8"><span class='ocrx_word' id='word_1_55' title='bbox 79 1188 134 1216; x_wconf 86' lang='lat' dir='ltr'>ne</span> <span class='ocrx_word' id='word_1_56' title='bbox 153 1176 327 1216; x_wconf 78' lang='lat' dir='ltr'>additum</span> <span class='ocrx_word' id='word_1_57' title='bbox 347 1177 400 1216; x_wconf 89' lang='lat' dir='ltr'>est</span> <span class='ocrx_word' id='word_1_58' title='bbox 420 1179 464 1216; x_wconf 87' lang='lat' dir='ltr'>In</span> <span class='ocrx_word' id='word_1_59' title='bbox 483 1179 582 1224; x_wconf 82' lang='lat' dir='ltr'>Ioco,</span> <span class='ocrx_word' id='word_1_60' title='bbox 615 1188 652 1216; x_wconf 88' lang='lat' dir='ltr'>et</span> <span class='ocrx_word' id='word_1_61' title='bbox 678 1179 731 1216; x_wconf 85' lang='lat' dir='ltr'>in-</span> 
     </span>
     <span class='ocr_line' id='line_1_15' title="bbox 77 1231 729 1284; baseline -0.005 -12"><span class='ocrx_word' id='word_1_62' title='bbox 77 1233 241 1272; x_wconf 78' lang='lat' dir='ltr'><em>terdum:</em></span> <span class='ocrx_word' id='word_1_63' title='bbox 262 1246 343 1272; x_wconf 89' lang='lat' dir='ltr'>non</span> <span class='ocrx_word' id='word_1_64' title='bbox 363 1235 469 1273; x_wconf 86' lang='lat' dir='ltr'>enim</span> <span class='ocrx_word' id='word_1_65' title='bbox 482 1231 640 1284; x_wconf 82' lang='lat' dir='ltr'><strong>semper.</strong></span> <span class='ocrx_word' id='word_1_66' title='bbox 682 1234 729 1272; x_wconf 93' lang='lat' dir='ltr'>D.</span> 
     </span>
    </p>

    <p class='ocr_par' dir='ltr' id='par_1_13' title="bbox 75 1285 732 1496">
     <span class='ocr_line' id='line_1_16' title="bbox 129 1285 731 1338; baseline -0.002 -11"><span class='ocrx_word' id='word_1_67' title='bbox 129 1285 324 1337; x_wconf 78' lang='lat' dir='ltr'>Pecuniam</span> <span class='ocrx_word' id='word_1_68' title='bbox 342 1293 380 1328; x_wconf 73' lang='lat' dir='ltr'>Iu</span> <span class='ocrx_word' id='word_1_69' title='bbox 400 1289 494 1338; x_wconf 82' lang='lat' dir='ltr'>loco]</span> <span class='ocrx_word' id='word_1_70' title='bbox 525 1288 569 1328; x_wconf 92' lang='lat' dir='ltr'>Id</span> <span class='ocrx_word' id='word_1_71' title='bbox 583 1288 648 1333; x_wconf 86' lang='lat' dir='ltr'>est,</span> <span class='ocrx_word' id='word_1_72' title='bbox 668 1287 731 1326; x_wconf 84' lang='lat' dir='ltr'>vbi</span> 
     </span>
     <span class='ocr_line' id='line_1_17' title="bbox 80 1345 727 1397; baseline 0.002 -16"><span class='ocrx_word' id='word_1_73' title='bbox 80 1355 244 1395; x_wconf 76' lang='lat' dir='ltr'>oportet,</span> <span class='ocrx_word' id='word_1_74' title='bbox 265 1346 327 1383; x_wconf 87' lang='lat' dir='ltr'>vbi</span> <span class='ocrx_word' id='word_1_75' title='bbox 348 1346 412 1384; x_wconf 87' lang='lat' dir='ltr'>ille</span> <span class='ocrx_word' id='word_1_76' title='bbox 422 1347 487 1395; x_wconf 84' lang='lat' dir='ltr'>qui</span> <span class='ocrx_word' id='word_1_77' title='bbox 506 1345 643 1397; x_wconf 85' lang='lat' dir='ltr'>accipit</span> <span class='ocrx_word' id='word_1_78' title='bbox 655 1356 727 1382; x_wconf 86' lang='lat' dir='ltr'>me·</span> 
     </span>
     <span class='ocr_line' id='line_1_18' title="bbox 77 1399 732 1452; baseline 0.002 -15"><span class='ocrx_word' id='word_1_79' title='bbox 77 1412 164 1438; x_wconf 85' lang='lat' dir='ltr'>mor</span> <span class='ocrx_word' id='word_1_80' title='bbox 194 1399 258 1439; x_wconf 88' lang='lat' dir='ltr'>est.</span> <span class='ocrx_word' id='word_1_81' title='bbox 302 1402 391 1441; x_wconf 83' lang='lat' dir='ltr'>ideo</span> <span class='ocrx_word' id='word_1_82' title='bbox 424 1401 572 1452; x_wconf 85' lang='lat' dir='ltr'>inquit,</span> <span class='ocrx_word' id='word_1_83' title='bbox 621 1403 732 1438; x_wconf 85' lang='lat' dir='ltr'><em>inter·</em></span> 
     </span>
     <span class='ocr_line' id='line_1_19' title="bbox 75 1455 277 1496; baseline 0 -2"><span class='ocrx_word' id='word_1_84' title='bbox 75 1455 175 1494; x_wconf 79' lang='lat' dir='ltr'><strong><em>dum.</em></strong></span> <span class='ocrx_word' id='word_1_85' title='bbox 233 1459 277 1496; x_wconf 81' lang='lat' dir='ltr'>E.</span> 
     </span>
    </p>

    <p class='ocr_par' dir='ltr' id='par_1_14' title="bbox 74 1510 732 1672">
     <span class='ocr_line' id='line_1_20' title="bbox 133 1510 732 1560; baseline -0.002 -10"><span class='ocrx_word' id='word_1_86' title='bbox 133 1512 333 1551; x_wconf 77' lang='lat' dir='ltr'>Pecuniam</span> <span class='ocrx_word' id='word_1_87' title='bbox 365 1513 404 1550; x_wconf 87' lang='lat' dir='ltr'>in</span> <span class='ocrx_word' id='word_1_88' title='bbox 435 1510 534 1560; x_wconf 88' lang='lat' dir='ltr'>loco]</span> <span class='ocrx_word' id='word_1_89' title='bbox 565 1512 732 1551; x_wconf 85' lang='lat' dir='ltr'>Menan-</span> 
     </span>
     <span class='ocr_line' id='line_1_21' title="bbox 76 1564 730 1613; baseline -0.002 -9"><span class='ocrx_word' id='word_1_90' title='bbox 76 1564 166 1606; x_wconf 83' lang='lat' dir='ltr'><strong>der:</strong></span> <span class='ocrx_word' id='word_1_91' title='bbox 195 1576 340 1606; x_wconf 65' lang='grc' dir='ltr'>Βέλτιςον</span> <span class='ocrx_word' id='word_1_92' title='bbox 367 1568 387 1605; x_wconf 66' lang='grc' dir='ltr'><em>ὲ</em></span> <span class='ocrx_word' id='word_1_93' title='bbox 413 1568 455 1604; x_wconf 72' lang='grc' dir='ltr'>τό</span> <span class='ocrx_word' id='word_1_94' title='bbox 474 1584 507 1603; x_wconf 66' lang='grc' dir='ltr'>»ιι</span> <span class='ocrx_word' id='word_1_95' title='bbox 499 1573 582 1613; x_wconf 73' lang='grc' dir='ltr'>&lt;ςρὸο</span> <span class='ocrx_word' id='word_1_96' title='bbox 599 1573 629 1603; x_wconf 61' lang='grc' dir='ltr'>ἐν</span> <span class='ocrx_word' id='word_1_97' title='bbox 649 1570 730 1605; x_wconf 69' lang='grc' dir='ltr'>πᾶσι</span> 
     </span>
     <span class='ocr_line' id='line_1_22' title="bbox 74 1623 728 1672; baseline 0.005 -12"><span class='ocrx_word' id='word_1_98' title='bbox 74 1627 216 1660; x_wconf 75' lang='grc' dir='ltr'>σκοπεῖν.</span> <span class='ocrx_word' id='word_1_99' title='bbox 277 1623 430 1661; x_wconf 80' lang='lat' dir='ltr'>Plautus</span> <span class='ocrx_word' id='word_1_100' title='bbox 459 1623 593 1672; x_wconf 84' lang='lat' dir='ltr'><strong>Capt.</strong></span> <span class='ocrx_word' id='word_1_101' title='bbox 602 1635 659 1670; x_wconf 85' lang='lat'>11,</span> <span class='ocrx_word' id='word_1_102' title='bbox 690 1635 728 1671; x_wconf 86' lang='lat'>2,</span> 
     </span>
    </p>

    <p class='ocr_par' dir='ltr' id='par_1_15' title="bbox 73 1676 728 2110">
     <span class='ocr_line' id='line_1_23' title="bbox 74 1676 728 1731; baseline 0.002 -16.184"><span class='ocrx_word' id='word_1_103' title='bbox 74 1677 234 1731; x_wconf 62' lang='lat' dir='ltr'><em>771?st</em></span> <span class='ocrx_word' id='word_1_104' title='bbox 261 1680 375 1717; x_wconf 70' lang='lat' dir='ltr'><em>etium</em></span> <span class='ocrx_word' id='word_1_105' title='bbox 402 1676 463 1717; x_wconf 84' lang='lat' dir='ltr'>vbi</span> <span class='ocrx_word' id='word_1_106' title='bbox 476 1678 644 1730; x_wconf 76' lang='lat' dir='ltr'>profeclo</span> <span class='ocrx_word' id='word_1_107' title='bbox 666 1678 728 1716; x_wconf 79' lang='lat' dir='ltr'>da-</span> 
     </span>
     <span class='ocr_line' id='line_1_24' title="bbox 73 1734 726 1786; baseline -0.003 -13"><span class='ocrx_word' id='word_1_108' title='bbox 73 1746 200 1773; x_wconf 71' lang='lat' dir='ltr'>mnam</span> <span class='ocrx_word' id='word_1_109' title='bbox 216 1734 527 1786; x_wconf 66' lang='lat' dir='ltr'>praestatjc&#39;tcere,</span> <span class='ocrx_word' id='word_1_110' title='bbox 546 1747 654 1786; x_wconf 80' lang='lat' dir='ltr'><em>quam</em></span> <span class='ocrx_word' id='word_1_111' title='bbox 674 1734 726 1772; x_wconf 85' lang='lat' dir='ltr'>lu-</span> 
     </span>
     <span class='ocr_line' id='line_1_25' title="bbox 74 1788 723 1831; baseline 0.002 -3"><span class='ocrx_word' id='word_1_112' title='bbox 74 1802 190 1829; x_wconf 83' lang='lat' dir='ltr'><em>crum.</em></span> <span class='ocrx_word' id='word_1_113' title='bbox 218 1792 364 1831; x_wconf 76' lang='lat' dir='ltr'>Marius</span> <span class='ocrx_word' id='word_1_114' title='bbox 385 1790 598 1830; x_wconf 66' lang='grc' dir='ltr'>νίἁὶοι·ἰη.</span> <span class='ocrx_word' id='word_1_115' title='bbox 587 1803 629 1829; x_wconf 85' lang='lat' dir='ltr'>m</span> <span class='ocrx_word' id='word_1_116' title='bbox 642 1788 723 1830; x_wconf 89' lang='lat' dir='ltr'>Cic.</span> 
     </span>
     <span class='ocr_line' id='line_1_26' title="bbox 74 1844 480 1892; baseline 0.002 -8"><span class='ocrx_word' id='word_1_117' title='bbox 74 1844 225 1892; x_wconf 83' lang='lat' dir='ltr'>Rhetor.</span> <span class='ocrx_word' id='word_1_118' title='bbox 245 1845 326 1885; x_wconf 82' lang='lat' dir='ltr'>libr.</span> <span class='ocrx_word' id='word_1_119' title='bbox 348 1858 384 1886; x_wconf 85' lang='lat'>2.</span> <span class='ocrx_word' id='word_1_120' title='bbox 439 1850 480 1887; x_wconf 88' lang='lat' dir='ltr'>L.</span> 
     </span>
     <span class='ocr_line' id='line_1_27' title="bbox 79 1900 726 1942; baseline 0.002 -2"><span class='ocrx_word' id='word_1_121' title='bbox 79 1900 81 1903; x_wconf 74' lang='grc'><strong>’</strong></span> <span class='ocrx_word' id='word_1_122' title='bbox 128 1902 228 1940; x_wconf 87' lang='lat' dir='ltr'>Illud</span> <span class='ocrx_word' id='word_1_123' title='bbox 256 1902 318 1940; x_wconf 87' lang='lat' dir='ltr'>hui</span> <span class='ocrx_word' id='word_1_124' title='bbox 341 1903 403 1940; x_wconf 80' lang='lat' dir='ltr'>alii</span> <span class='ocrx_word' id='word_1_125' title='bbox 431 1902 624 1942; x_wconf 81' lang='lat' dir='ltr'>Sannioni</span> <span class='ocrx_word' id='word_1_126' title='bbox 648 1912 726 1941; x_wconf 89' lang='lat' dir='ltr'>tan-</span> 
     </span>
     <span class='ocr_line' id='line_1_28' title="bbox 75 1954 727 2002; baseline 0.002 -7"><span class='ocrx_word' id='word_1_127' title='bbox 75 1966 156 1995; x_wconf 86' lang='lat' dir='ltr'>tum</span> <span class='ocrx_word' id='word_1_128' title='bbox 176 1958 368 2002; x_wconf 64' lang='lat' dir='ltr'>tributum</span> <span class='ocrx_word' id='word_1_129' title='bbox 398 1954 464 1996; x_wconf 89' lang='lat' dir='ltr'>sed</span> <span class='ocrx_word' id='word_1_130' title='bbox 483 1959 664 1997; x_wconf 80' lang='lat' dir='ltr'>meliores</span> <span class='ocrx_word' id='word_1_131' title='bbox 685 1959 727 1996; x_wconf 87' lang='lat' dir='ltr'>li-</span> 
     </span>
     <span class='ocr_line' id='line_1_29' title="bbox 75 2011 727 2068; baseline 0.005 -18"><span class='ocrx_word' id='word_1_132' title='bbox 75 2011 135 2051; x_wconf 86' lang='lat' dir='ltr'>bri</span> <span class='ocrx_word' id='word_1_133' title='bbox 157 2014 257 2052; x_wconf 67' lang='lat' dir='ltr'>rede</span> <span class='ocrx_word' id='word_1_134' title='bbox 274 2016 327 2068; x_wconf 89' lang='lat' dir='ltr'>Sy</span> <span class='ocrx_word' id='word_1_135' title='bbox 330 2027 383 2064; x_wconf 83' lang='lat' dir='ltr'>re,</span> <span class='ocrx_word' id='word_1_136' title='bbox 415 2024 454 2052; x_wconf 84' lang='lat' dir='ltr'>vt</span> <span class='ocrx_word' id='word_1_137' title='bbox 474 2025 634 2062; x_wconf 83' lang='lat' dir='ltr'>caetera,</span> <span class='ocrx_word' id='word_1_138' title='bbox 663 2013 727 2053; x_wconf 87' lang='lat' dir='ltr'>ad-</span> 
     </span>
     <span class='ocr_line' id='line_1_30' title="bbox 74 2065 351 2110; baseline -0.011 -2"><span class='ocrx_word' id='word_1_139' title='bbox 74 2065 351 2110; x_wconf 79' lang='lat' dir='ltr'>sc1ibunt.13.</span> 
     </span>
    </p>

    <p class='ocr_par' dir='ltr' id='par_1_16' title="bbox 70 2123 725 2565">
     <span class='ocr_line' id='line_1_31' title="bbox 128 2123 725 2176; baseline 0.007 -14"><span class='ocrx_word' id='word_1_140' title='bbox 128 2137 155 2176; x_wconf 88' lang='grc'><strong>9</strong></span> <span class='ocrx_word' id='word_1_141' title='bbox 185 2123 226 2163; x_wconf 80' lang='lat' dir='ltr'>Si</span> <span class='ocrx_word' id='word_1_142' title='bbox 253 2138 347 2164; x_wconf 79' lang='lat' dir='ltr'>nunc</span> <span class='ocrx_word' id='word_1_143' title='bbox 375 2125 419 2165; x_wconf 81' lang='lat' dir='ltr'>de</span> <span class='ocrx_word' id='word_1_144' title='bbox 447 2138 512 2165; x_wconf 83' lang='lat' dir='ltr'>tuo</span> <span class='ocrx_word' id='word_1_145' title='bbox 541 2128 621 2166; x_wconf 82' lang='lat' dir='ltr'><em>iure</em></span> <span class='ocrx_word' id='word_1_146' title='bbox 642 2140 725 2166; x_wconf 86' lang='lat' dir='ltr'>con-</span> 
     </span>
     <span class='ocr_line' id='line_1_32' title="bbox 74 2178 725 2236; baseline 0.006 -18"><span class='ocrx_word' id='word_1_147' title='bbox 74 2178 226 2236; x_wconf 79' lang='lat' dir='ltr'><em>eeffiffes]</em></span> <span class='ocrx_word' id='word_1_148' title='bbox 258 2184 362 2220; x_wconf 88' lang='lat' dir='ltr'>Bene</span> <span class='ocrx_word' id='word_1_149' title='bbox 379 2182 458 2222; x_wconf 83' lang='lat' dir='ltr'>Tuo</span> <span class='ocrx_word' id='word_1_150' title='bbox 477 2186 575 2221; x_wconf 85' lang='lat' dir='ltr'><em>iure:</em></span> <span class='ocrx_word' id='word_1_151' title='bbox 605 2196 657 2222; x_wconf 80' lang='lat' dir='ltr'>ne</span> <span class='ocrx_word' id='word_1_152' title='bbox 670 2183 725 2222; x_wconf 83' lang='lat' dir='ltr'>di-</span> 
     </span>
     <span class='ocr_line' id='line_1_33' title="bbox 73 2238 724 2289; baseline 0.006 -15"><span class='ocrx_word' id='word_1_153' title='bbox 73 2246 193 2280; x_wconf 80' lang='lat' dir='ltr'>ceret.</span> <span class='ocrx_word' id='word_1_154' title='bbox 219 2238 306 2276; x_wconf 91' lang='lat' dir='ltr'>Non</span> <span class='ocrx_word' id='word_1_155' title='bbox 326 2249 408 2277; x_wconf 80' lang='lat' dir='ltr'>erat</span> <span class='ocrx_word' id='word_1_156' title='bbox 425 2251 485 2277; x_wconf 81' lang='lat' dir='ltr'>res</span> <span class='ocrx_word' id='word_1_157' title='bbox 505 2241 590 2278; x_wconf 84' lang='lat' dir='ltr'>mea</span> <span class='ocrx_word' id='word_1_158' title='bbox 608 2252 724 2289; x_wconf 83' lang='lat' dir='ltr'><strong>quam</strong></span> 
     </span>
     <span class='ocr_line' id='line_1_34' title="bbox 74 2290 722 2334; baseline 0.005 -5"><span class='ocrx_word' id='word_1_159' title='bbox 74 2292 251 2332; x_wconf 76' lang='lat' dir='ltr'>venalem</span> <span class='ocrx_word' id='word_1_160' title='bbox 281 2290 409 2332; x_wconf 86' lang='lat' dir='ltr'>habui.</span> <span class='ocrx_word' id='word_1_161' title='bbox 466 2298 546 2334; x_wconf 78' lang='lat' dir='ltr'>Aut</span> <span class='ocrx_word' id='word_1_162' title='bbox 569 2294 629 2333; x_wconf 85' lang='lat' dir='ltr'>De</span> <span class='ocrx_word' id='word_1_163' title='bbox 656 2307 722 2333; x_wconf 83' lang='lat' dir='ltr'>tuo</span> 
     </span>
     <span class='ocr_line' id='line_1_35' title="bbox 71 2348 723 2402; baseline 0.002 -15"><span class='ocrx_word' id='word_1_164' title='bbox 71 2350 162 2394; x_wconf 77' lang='lat' dir='ltr'><em>iure,</em></span> <span class='ocrx_word' id='word_1_165' title='bbox 182 2348 232 2387; x_wconf 88' lang='lat' dir='ltr'>de</span> <span class='ocrx_word' id='word_1_166' title='bbox 251 2348 405 2388; x_wconf 87' lang='lat' dir='ltr'>lenonia</span> <span class='ocrx_word' id='word_1_167' title='bbox 422 2349 563 2389; x_wconf 77' lang='lat' dir='ltr'>duritia</span> <span class='ocrx_word' id='word_1_168' title='bbox 583 2353 723 2402; x_wconf 84' lang='lat' dir='ltr'><em>(auari-</em></span> 
     </span>
     <span class='ocr_line' id='line_1_36' title="bbox 70 2404 722 2455; baseline 0.002 -11"><span class='ocrx_word' id='word_1_169' title='bbox 70 2405 127 2444; x_wconf 76' lang='lat' dir='ltr'>tia</span> <span class='ocrx_word' id='word_1_170' title='bbox 157 2406 239 2452; x_wconf 87' lang='lat' dir='ltr'>Z.):</span> <span class='ocrx_word' id='word_1_171' title='bbox 264 2404 413 2453; x_wconf 60' lang='lat' dir='ltr'>malim,</span> <span class='ocrx_word' id='word_1_172' title='bbox 431 2405 523 2445; x_wconf 87' lang='lat' dir='ltr'>Meo</span> <span class='ocrx_word' id='word_1_173' title='bbox 535 2408 612 2444; x_wconf 88' lang='lat' dir='ltr'><em>iure</em></span> <span class='ocrx_word' id='word_1_174' title='bbox 623 2420 722 2455; x_wconf 76' lang='lat' dir='ltr'><em>mar,</em></span> 
     </span>
     <span class='ocr_line' id='line_1_37' title="bbox 71 2458 721 2514; baseline 0.005 -15"><span class='ocrx_word' id='word_1_175' title='bbox 71 2470 116 2499; x_wconf 75' lang='lat' dir='ltr'>vt</span> <span class='ocrx_word' id='word_1_176' title='bbox 127 2462 260 2510; x_wconf 82' lang='lat' dir='ltr'>potior</span> <span class='ocrx_word' id='word_1_177' title='bbox 268 2458 333 2510; x_wconf 73' lang='lat' dir='ltr'>sit,</span> <span class='ocrx_word' id='word_1_178' title='bbox 361 2463 425 2513; x_wconf 83' lang='lat' dir='ltr'>qui</span> <span class='ocrx_word' id='word_1_179' title='bbox 440 2466 551 2514; x_wconf 85' lang='lat' dir='ltr'><em>prior</em></span> <span class='ocrx_word' id='word_1_180' title='bbox 567 2462 617 2502; x_wconf 79' lang='lat' dir='ltr'>ad</span> <span class='ocrx_word' id='word_1_181' title='bbox 634 2462 721 2501; x_wconf 82' lang='lat' dir='ltr'><em>dan-</em></span> 
     </span>
     <span class='ocr_line' id='line_1_38' title="bbox 70 2515 332 2565; baseline 0.008 -10"><span class='ocrx_word' id='word_1_182' title='bbox 70 2515 227 2565; x_wconf 71' lang='lat' dir='ltr'>dumsx&#39;t.</span> <span class='ocrx_word' id='word_1_183' title='bbox 284 2518 332 2557; x_wconf 89' lang='lat' dir='ltr'>D.</span> 
     </span>
    </p>

    <p class='ocr_par' dir='ltr' id='par_1_17' title="bbox 47 2570 725 2739">
     <span class='ocr_line' id='line_1_39' title="bbox 126 2570 725 2622; baseline 0.008 -14"><span class='ocrx_word' id='word_1_184' title='bbox 126 2570 187 2609; x_wconf 90' lang='lat' dir='ltr'>De</span> <span class='ocrx_word' id='word_1_185' title='bbox 218 2585 281 2609; x_wconf 78' lang='lat' dir='ltr'>tuo</span> <span class='ocrx_word' id='word_1_186' title='bbox 309 2571 403 2622; x_wconf 80' lang='lat' dir='ltr'><em>iure]</em></span> <span class='ocrx_word' id='word_1_187' title='bbox 441 2574 526 2614; x_wconf 84' lang='lat' dir='ltr'>Hoc</span> <span class='ocrx_word' id='word_1_188' title='bbox 554 2573 628 2621; x_wconf 86' lang='lat' dir='ltr'>est,</span> <span class='ocrx_word' id='word_1_189' title='bbox 671 2587 725 2613; x_wconf 87' lang='lat' dir='ltr'>ne</span> 
     </span>
     <span class='ocr_line' id='line_1_40' title="bbox 47 2625 723 2677; baseline 0.009 -14"><span class='ocrx_word' id='word_1_190' title='bbox 47 2627 49 2632; x_wconf 85' lang='grc'><em>“</em></span> <span class='ocrx_word' id='word_1_191' title='bbox 101 2625 281 2666; x_wconf 72' lang='lat' dir='ltr'>lux-imum</span> <span class='ocrx_word' id='word_1_192' title='bbox 300 2628 389 2667; x_wconf 82' lang='lat' dir='ltr'>leno</span> <span class='ocrx_word' id='word_1_193' title='bbox 406 2627 512 2669; x_wconf 81' lang='lat' dir='ltr'>effes.</span> <span class='ocrx_word' id='word_1_194' title='bbox 540 2639 580 2669; x_wconf 85' lang='lat' dir='ltr'>vt</span> <span class='ocrx_word' id='word_1_195' title='bbox 599 2631 723 2677; x_wconf 67' lang='lat' dir='ltr'>⁸intel·</span> 
     </span>
     <span class='ocr_line' id='line_1_41' title="bbox 93 2682 722 2739; baseline 0.011 -20"><span class='ocrx_word' id='word_1_196' title='bbox 93 2682 232 2734; x_wconf 87' lang='lat' dir='ltr'>&#39;gamus</span> <span class='ocrx_word' id='word_1_197' title='bbox 254 2685 451 2725; x_wconf 83' lang='lat' dir='ltr'>auaritiam</span> <span class='ocrx_word' id='word_1_198' title='bbox 478 2714 486 2724; x_wconf 88' lang='lat'><em>.</em></span> <span class='ocrx_word' id='word_1_199' title='bbox 525 2715 534 2723; x_wconf 90' lang='lat'>.</span> <span class='ocrx_word' id='word_1_200' title='bbox 576 2716 585 2724; x_wconf 94' lang='lat'><strong><em>.</em></strong></span> <span class='ocrx_word' id='word_1_201' title='bbox 614 2689 722 2739; x_wconf 86' lang='lat' dir='ltr'>(We-</span> 
     </span>
    </p>
   </div>
   <div class='ocr_carea' id='block_1_13' title="bbox 124 2737 379 2783">
    <p class='ocr_par' dir='ltr' id='par_1_18' title="bbox 124 2737 379 2783">
     <span class='ocr_line' id='line_1_42' title="bbox 124 2737 379 2783; baseline 0.004 -5"><span class='ocrx_word' id='word_1_202' title='bbox 124 2737 202 2778; x_wconf 73' lang='lat' dir='ltr'>Tcr.</span> <span class='ocrx_word' id='word_1_203' title='bbox 215 2740 255 2781; x_wconf 84' lang='lat' dir='ltr'>C.</span> <span class='ocrx_word' id='word_1_204' title='bbox 275 2741 316 2780; x_wconf 87' lang='lat' dir='ltr'>P.</span> <span class='ocrx_word' id='word_1_205' title='bbox 328 2740 379 2783; x_wconf 82' lang='lat'>11.</span> 
     </span>
    </p>
   </div>
   <div class='ocr_carea' id='block_1_14' title="bbox 1349 920 1437 971">
    <p class='ocr_par' dir='ltr' id='par_1_19' title="bbox 1349 920 1437 971">
     <span class='ocr_line' id='line_1_43' title="bbox 1349 920 1437 971; baseline 0 -1"><span class='ocrx_word' id='word_1_206' title='bbox 1349 920 1437 971; x_wconf 70' lang='lat' dir='ltr'>Sv.</span> 
     </span>
    </p>
   </div>
   <div class='ocr_carea' id='block_1_15' title="bbox 770 1061 1461 2739">
    <p class='ocr_par' dir='ltr' id='par_1_20' title="bbox 779 1061 1439 1342">
     <span class='ocr_line' id='line_1_44' title="bbox 779 1061 1437 1120; baseline 0.009 -19"><span class='ocrx_word' id='word_1_207' title='bbox 779 1061 891 1103; x_wconf 79' lang='lat' dir='ltr'>sterh.</span> <span class='ocrx_word' id='word_1_208' title='bbox 912 1063 1092 1104; x_wconf 70' lang='lat' dir='ltr'>lacunam</span> <span class='ocrx_word' id='word_1_209' title='bbox 1109 1077 1131 1104; x_wconf 88' lang='lat' dir='ltr'><strong>e</strong></span> <span class='ocrx_word' id='word_1_210' title='bbox 1150 1065 1262 1106; x_wconf 86' lang='lat' dir='ltr'>codd.</span> <span class='ocrx_word' id='word_1_211' title='bbox 1285 1063 1437 1120; x_wconf 84' lang='lat' dir='ltr'><strong>supple·</strong></span> 
     </span>
     <span class='ocr_line' id='line_1_45' title="bbox 783 1119 1439 1174; baseline 0.006 -16"><span class='ocrx_word' id='word_1_212' title='bbox 783 1122 841 1160; x_wconf 86' lang='lat' dir='ltr'>uit</span> <span class='ocrx_word' id='word_1_213' title='bbox 858 1119 924 1159; x_wconf 82' lang='lat' dir='ltr'>fic.</span> <span class='ocrx_word' id='word_1_214' title='bbox 956 1135 992 1160; x_wconf 81' lang='lat' dir='ltr'>te</span> <span class='ocrx_word' id='word_1_215' title='bbox 1017 1124 1187 1174; x_wconf 74' lang='lat' dir='ltr'><em>impares.</em></span> <span class='ocrx_word' id='word_1_216' title='bbox 1244 1124 1374 1164; x_wconf 78' lang='lat' dir='ltr'>Verba</span> <span class='ocrx_word' id='word_1_217' title='bbox 1397 1123 1439 1162; x_wconf 60' lang='lat' dir='ltr'>sii</span> 
     </span>
     <span class='ocr_line' id='line_1_46' title="bbox 780 1174 1439 1222; baseline 0.005 -7"><span class='ocrx_word' id='word_1_218' title='bbox 780 1189 833 1217; x_wconf 87' lang='lat' dir='ltr'>ne</span> <span class='ocrx_word' id='word_1_219' title='bbox 850 1174 973 1218; x_wconf 86' lang='lat' dir='ltr'><strong>sensu&#39;.</strong></span> <span class='ocrx_word' id='word_1_220' title='bbox 1028 1181 1140 1218; x_wconf 83' lang='lat' dir='ltr'>Fo1te</span> <span class='ocrx_word' id='word_1_221' title='bbox 1157 1189 1232 1222; x_wconf 84' lang='lat' dir='ltr'>1ta</span> <span class='ocrx_word' id='word_1_222' title='bbox 1264 1192 1308 1219; x_wconf 83' lang='lat' dir='ltr'>vt</span> <span class='ocrx_word' id='word_1_223' title='bbox 1331 1178 1439 1219; x_wconf 84' lang='lat' dir='ltr'><em>intel·</em></span> 
     </span>
     <span class='ocr_line' id='line_1_47' title="bbox 779 1233 1437 1288; baseline 0.006 -16"><span class='ocrx_word' id='word_1_224' title='bbox 779 1233 970 1288; x_wconf 79' lang='lat' dir='ltr'><em>le‘geremus</em></span> <span class='ocrx_word' id='word_1_225' title='bbox 999 1237 1200 1273; x_wconf 77' lang='lat' dir='ltr'><em>auaritiam</em></span> <span class='ocrx_word' id='word_1_226' title='bbox 1233 1237 1272 1274; x_wconf 82' lang='lat' dir='ltr'>in</span> <span class='ocrx_word' id='word_1_227' title='bbox 1296 1250 1332 1275; x_wconf 85' lang='lat' dir='ltr'>te</span> <span class='ocrx_word' id='word_1_228' title='bbox 1360 1249 1437 1276; x_wconf 77' lang='lat' dir='ltr'>non</span> 
     </span>
     <span class='ocr_line' id='line_1_48' title="bbox 781 1290 1359 1342; baseline 0.01 -16"><span class='ocrx_word' id='word_1_229' title='bbox 781 1290 842 1341; x_wconf 69' lang='lat' dir='ltr'>effe</span> <span class='ocrx_word' id='word_1_230' title='bbox 865 1291 1157 1342; x_wconf 63' lang='lat' dir='ltr'>intevt&#39;zpestiuam.</span> <span class='ocrx_word' id='word_1_231' title='bbox 1193 1294 1260 1338; x_wconf 81' lang='lat' dir='ltr'>Z).</span> <span class='ocrx_word' id='word_1_232' title='bbox 1318 1295 1359 1332; x_wconf 90' lang='lat' dir='ltr'>E.</span> 
     </span>
    </p>

    <p class='ocr_par' dir='ltr' id='par_1_21' title="bbox 777 1346 1439 1844">
     <span class='ocr_line' id='line_1_49' title="bbox 839 1346 1439 1399; baseline 0.008 -17"><span class='ocrx_word' id='word_1_233' title='bbox 839 1358 883 1386; x_wconf 89' lang='lat'>11</span> <span class='ocrx_word' id='word_1_234' title='bbox 911 1349 981 1383; x_wconf 54' lang='lat' dir='ltr'>&gt;Ne</span> <span class='ocrx_word' id='word_1_235' title='bbox 1005 1361 1078 1384; x_wconf 81' lang='lat' dir='ltr'>non</span> <span class='ocrx_word' id='word_1_236' title='bbox 1108 1347 1180 1386; x_wconf 77' lang='lat' dir='ltr'><em>tibi</em></span> <span class='ocrx_word' id='word_1_237' title='bbox 1198 1346 1284 1396; x_wconf 85' lang='lat' dir='ltr'>istuc</span> <span class='ocrx_word' id='word_1_238' title='bbox 1303 1349 1439 1399; x_wconf 59' lang='lat' dir='ltr'><em>finne-</em></span> 
     </span>
     <span class='ocr_line' id='line_1_50' title="bbox 782 1401 1436 1451; baseline 0.005 -12"><span class='ocrx_word' id='word_1_239' title='bbox 782 1404 899 1451; x_wconf 71' lang='lat' dir='ltr'><em>raret]</em></span> <span class='ocrx_word' id='word_1_240' title='bbox 931 1401 1178 1449; x_wconf 78' lang='lat' dir='ltr'>Foeneratum,</span> <span class='ocrx_word' id='word_1_241' title='bbox 1199 1403 1252 1441; x_wconf 80' lang='lat' dir='ltr'>est</span> <span class='ocrx_word' id='word_1_242' title='bbox 1276 1417 1361 1442; x_wconf 88' lang='lat' dir='ltr'>cum</span> <span class='ocrx_word' id='word_1_243' title='bbox 1380 1405 1436 1442; x_wconf 89' lang='lat' dir='ltr'>lu-</span> 
     </span>
     <span class='ocr_line' id='line_1_51' title="bbox 781 1457 1433 1510; baseline 0.008 -16"><span class='ocrx_word' id='word_1_244' title='bbox 781 1469 845 1494; x_wconf 78' lang='lat' dir='ltr'>cro</span> <span class='ocrx_word' id='word_1_245' title='bbox 864 1457 1058 1497; x_wconf 81' lang='lat' dir='ltr'>redditum</span> <span class='ocrx_word' id='word_1_246' title='bbox 1075 1471 1111 1497; x_wconf 81' lang='lat' dir='ltr'>et</span> <span class='ocrx_word' id='word_1_247' title='bbox 1123 1459 1433 1510; x_wconf 81' lang='lat' dir='ltr'>multiplicatum.</span> 
     </span>
     <span class='ocr_line' id='line_1_52' title="bbox 780 1512 1438 1565; baseline 0.002 -14"><span class='ocrx_word' id='word_1_248' title='bbox 780 1512 1004 1552; x_wconf 82' lang='lat' dir='ltr'><em>Foeneraret</em></span> <span class='ocrx_word' id='word_1_249' title='bbox 1032 1527 1145 1565; x_wconf 76' lang='lat' dir='ltr'>ergo,</span> <span class='ocrx_word' id='word_1_250' title='bbox 1184 1527 1263 1553; x_wconf 89' lang='lat' dir='ltr'>non</span> <span class='ocrx_word' id='word_1_251' title='bbox 1284 1513 1438 1555; x_wconf 74' lang='lat' dir='ltr'>Aeschi-</span> 
     </span>
     <span class='ocr_line' id='line_1_53' title="bbox 781 1566 1436 1621; baseline 0.006 -16"><span class='ocrx_word' id='word_1_252' title='bbox 781 1581 867 1614; x_wconf 87' lang='lat' dir='ltr'>nus,</span> <span class='ocrx_word' id='word_1_253' title='bbox 888 1566 952 1608; x_wconf 86' lang='lat' dir='ltr'>sed</span> <span class='ocrx_word' id='word_1_254' title='bbox 971 1567 1049 1620; x_wconf 83' lang='lat' dir='ltr'>ipsa</span> <span class='ocrx_word' id='word_1_255' title='bbox 1070 1583 1128 1608; x_wconf 84' lang='lat' dir='ltr'>res</span> <span class='ocrx_word' id='word_1_256' title='bbox 1147 1572 1186 1608; x_wconf 90' lang='lat' dir='ltr'>in</span> <span class='ocrx_word' id='word_1_257' title='bbox 1203 1584 1278 1621; x_wconf 77' lang='lat' dir='ltr'>qua</span> <span class='ocrx_word' id='word_1_258' title='bbox 1298 1572 1436 1609; x_wconf 76' lang='lat' dir='ltr'>soene-</span> 
     </span>
     <span class='ocr_line' id='line_1_54' title="bbox 779 1624 1433 1680; baseline 0.006 -18"><span class='ocrx_word' id='word_1_259' title='bbox 779 1625 886 1662; x_wconf 76' lang='lat' dir='ltr'>ratio.</span> <span class='ocrx_word' id='word_1_260' title='bbox 941 1624 1023 1680; x_wconf 85' lang='lat' dir='ltr'>Ego</span> <span class='ocrx_word' id='word_1_261' title='bbox 1055 1627 1159 1677; x_wconf 75' lang='lat' dir='ltr'>spem</span> <span class='ocrx_word' id='word_1_262' title='bbox 1195 1629 1338 1678; x_wconf 72' lang='lat' dir='ltr'>pretio·</span> <span class='ocrx_word' id='word_1_263' title='bbox 1361 1641 1433 1666; x_wconf 81' lang='lat' dir='ltr'>non</span> 
     </span>
     <span class='ocr_line' id='line_1_55' title="bbox 778 1682 1435 1731; baseline 0.005 -14"><span class='ocrx_word' id='word_1_264' title='bbox 778 1683 873 1730; x_wconf 88' lang='lat' dir='ltr'>emo]</span> <span class='ocrx_word' id='word_1_265' title='bbox 905 1682 1124 1724; x_wconf 62' lang='grc' dir='ltr'>Α’ντισουομια.</span> <span class='ocrx_word' id='word_1_266' title='bbox 1155 1692 1299 1731; x_wconf 77' lang='lat' dir='ltr'>contra,</span> <span class='ocrx_word' id='word_1_267' title='bbox 1324 1682 1435 1720; x_wconf 86' lang='lat' dir='ltr'>Pecu-</span> 
     </span>
     <span class='ocr_line' id='line_1_56' title="bbox 778 1737 1438 1791; baseline 0.005 -17"><span class='ocrx_word' id='word_1_268' title='bbox 778 1739 876 1775; x_wconf 72' lang='lat' dir='ltr'><em>niam</em></span> <span class='ocrx_word' id='word_1_269' title='bbox 903 1750 942 1774; x_wconf 84' lang='lat' dir='ltr'><em>m</em></span> <span class='ocrx_word' id='word_1_270' title='bbox 969 1737 1047 1776; x_wconf 69' lang='lat' dir='ltr'>loco</span> <span class='ocrx_word' id='word_1_271' title='bbox 1074 1737 1274 1791; x_wconf 64' lang='lat' dir='ltr'><em>negligere,</em></span> <span class='ocrx_word' id='word_1_272' title='bbox 1314 1741 1438 1777; x_wconf 79' lang='lat' dir='ltr'><em>maxi—</em></span> 
     </span>
     <span class='ocr_line' id='line_1_57' title="bbox 777 1794 1405 1844; baseline 0.005 -13"><span class='ocrx_word' id='word_1_273' title='bbox 777 1806 874 1831; x_wconf 83' lang='lat' dir='ltr'>mum</span> <span class='ocrx_word' id='word_1_274' title='bbox 894 1795 1083 1831; x_wconf 79' lang='lat' dir='ltr'><em>interdum</em></span> <span class='ocrx_word' id='word_1_275' title='bbox 1101 1794 1150 1844; x_wconf 73' lang='lat' dir='ltr'>est</span> <span class='ocrx_word' id='word_1_276' title='bbox 1173 1794 1324 1833; x_wconf 75' lang='lat' dir='ltr'><em>lucrum.</em></span> <span class='ocrx_word' id='word_1_277' title='bbox 1356 1798 1405 1834; x_wconf 90' lang='lat' dir='ltr'>D.</span> 
     </span>
    </p>

    <p class='ocr_par' dir='ltr' id='par_1_22' title="bbox 775 1849 1434 2068">
     <span class='ocr_line' id='line_1_58' title="bbox 832 1849 1428 1903; baseline 0.002 -15"><span class='ocrx_word' id='word_1_278' title='bbox 832 1850 908 1902; x_wconf 82' lang='lat' dir='ltr'>Ego</span> <span class='ocrx_word' id='word_1_279' title='bbox 933 1849 1055 1903; x_wconf 86' lang='lat' dir='ltr'><em>spem]</em></span> <span class='ocrx_word' id='word_1_280' title='bbox 1105 1851 1208 1889; x_wconf 85' lang='lat' dir='ltr'>Malo</span> <span class='ocrx_word' id='word_1_281' title='bbox 1248 1852 1428 1901; x_wconf 82' lang='lat' dir='ltr'>pretium,</span> 
     </span>
     <span class='ocr_line' id='line_1_59' title="bbox 777 1903 1434 1958; baseline 0.008 -16"><span class='ocrx_word' id='word_1_282' title='bbox 777 1917 891 1956; x_wconf 83' lang='lat' dir='ltr'><strong>quam</strong></span> <span class='ocrx_word' id='word_1_283' title='bbox 913 1917 1036 1944; x_wconf 77' lang='lat' dir='ltr'><strong>emam</strong></span> <span class='ocrx_word' id='word_1_284' title='bbox 1050 1907 1176 1957; x_wconf 85' lang='lat' dir='ltr'>pretio</span> <span class='ocrx_word' id='word_1_285' title='bbox 1196 1903 1311 1956; x_wconf 82' lang='lat' dir='ltr'>spem.</span> <span class='ocrx_word' id='word_1_286' title='bbox 1332 1906 1434 1958; x_wconf 68' lang='lat' dir='ltr'>quast</span> 
     </span>
     <span class='ocr_line' id='line_1_60' title="bbox 775 1959 1434 2014; baseline 0.002 -14"><span class='ocrx_word' id='word_1_287' title='bbox 775 1960 801 2000; x_wconf 72' lang='lat' dir='ltr'>sl</span> <span class='ocrx_word' id='word_1_288' title='bbox 829 1959 867 1999; x_wconf 93' lang='lat' dir='ltr'>id</span> <span class='ocrx_word' id='word_1_289' title='bbox 889 1959 1070 2009; x_wconf 85' lang='lat' dir='ltr'>amisero,</span> <span class='ocrx_word' id='word_1_290' title='bbox 1099 1961 1228 2013; x_wconf 85' lang='lat' dir='ltr'>postea</span> <span class='ocrx_word' id='word_1_291' title='bbox 1246 1962 1356 2014; x_wconf 84' lang='lat' dir='ltr'>plura</span> <span class='ocrx_word' id='word_1_292' title='bbox 1374 1975 1434 2001; x_wconf 85' lang='lat' dir='ltr'>ac·</span> 
     </span>
     <span class='ocr_line' id='line_1_61' title="bbox 775 2020 1064 2068; baseline 0.003 -12"><span class='ocrx_word' id='word_1_293' title='bbox 775 2028 967 2068; x_wconf 84' lang='lat' dir='ltr'>cepturus.</span> <span class='ocrx_word' id='word_1_294' title='bbox 1022 2020 1064 2057; x_wconf 90' lang='lat' dir='ltr'>E.</span> 
     </span>
    </p>

    <p class='ocr_par' dir='ltr' id='par_1_23' title="bbox 770 2072 1461 2739">
     <span class='ocr_line' id='line_1_62' title="bbox 831 2072 1430 2125; baseline 0.003 -14"><span class='ocrx_word' id='word_1_295' title='bbox 831 2072 937 2125; x_wconf 84' lang='lat' dir='ltr'><em>Spem</em></span> <span class='ocrx_word' id='word_1_296' title='bbox 963 2075 1087 2125; x_wconf 84' lang='lat' dir='ltr'><em>pretio</em></span> <span class='ocrx_word' id='word_1_297' title='bbox 1116 2086 1188 2112; x_wconf 87' lang='lat' dir='ltr'>non</span> <span class='ocrx_word' id='word_1_298' title='bbox 1217 2072 1308 2120; x_wconf 78' lang='lat' dir='ltr'><em>ema]</em></span> <span class='ocrx_word' id='word_1_299' title='bbox 1338 2074 1430 2113; x_wconf 88' lang='lat' dir='ltr'>Non</span> 
     </span>
     <span class='ocr_line' id='line_1_63' title="bbox 774 2126 1461 2178; baseline 0.001 -11"><span class='ocrx_word' id='word_1_300' title='bbox 774 2142 923 2167; x_wconf 85' lang='lat' dir='ltr'>nouum</span> <span class='ocrx_word' id='word_1_301' title='bbox 950 2129 1020 2177; x_wconf 85' lang='lat' dir='ltr'>est,</span> <span class='ocrx_word' id='word_1_302' title='bbox 1047 2127 1161 2168; x_wconf 54' lang='lat' dir='ltr'>eti‘arn</span> <span class='ocrx_word' id='word_1_303' title='bbox 1183 2126 1287 2178; x_wconf 84' lang='lat' dir='ltr'><strong>spem</strong></span> <span class='ocrx_word' id='word_1_304' title='bbox 1314 2129 1430 2168; x_wconf 81' lang='lat' dir='ltr'>vendi</span> <span class='ocrx_word' id='word_1_305' title='bbox 1455 2141 1461 2159; x_wconf 63' lang='grc' dir='ltr'>ι’</span> 
     </span>
     <span class='ocr_line' id='line_1_64' title="bbox 775 2183 1454 2237; baseline -0.001 -14"><span class='ocrx_word' id='word_1_306' title='bbox 775 2197 813 2224; x_wconf 83' lang='lat' dir='ltr'>et</span> <span class='ocrx_word' id='word_1_307' title='bbox 832 2186 908 2224; x_wconf 86' lang='lat' dir='ltr'>emi</span> <span class='ocrx_word' id='word_1_308' title='bbox 930 2186 1032 2224; x_wconf 65' lang='lat' dir='ltr'>resse</span> <span class='ocrx_word' id='word_1_309' title='bbox 1053 2183 1167 2237; x_wconf 67' lang='lat' dir='ltr'>poss‘e.</span> <span class='ocrx_word' id='word_1_310' title='bbox 1193 2186 1216 2223; x_wconf 86' lang='lat' dir='ltr'>l.</span> <span class='ocrx_word' id='word_1_311' title='bbox 1237 2196 1302 2237; x_wconf 83' lang='lat'>73.</span> <span class='ocrx_word' id='word_1_312' title='bbox 1325 2184 1370 2223; x_wconf 90' lang='lat' dir='ltr'>ad</span> <span class='ocrx_word' id='word_1_313' title='bbox 1384 2190 1429 2227; x_wconf 83' lang='lat' dir='ltr'>L.</span> <span class='ocrx_word' id='word_1_314' title='bbox 1451 2197 1454 2202; x_wconf 72' lang='grc'><strong>“</strong></span> 
     </span>
     <span class='ocr_line' id='line_1_65' title="bbox 772 2240 1430 2291; baseline 0 -11"><span class='ocrx_word' id='word_1_315' title='bbox 772 2240 910 2280; x_wconf 78' lang='lat' dir='ltr'>Falcid.</span> <span class='ocrx_word' id='word_1_316' title='bbox 931 2243 1066 2282; x_wconf 82' lang='lat' dir='ltr'>Veluti</span> <span class='ocrx_word' id='word_1_317' title='bbox 1088 2255 1173 2278; x_wconf 76' lang='lat' dir='ltr'>cum</span> <span class='ocrx_word' id='word_1_318' title='bbox 1195 2241 1430 2291; x_wconf 64' lang='lat' dir='ltr'>quisiassum</span> 
     </span>
     <span class='ocr_line' id='line_1_66' title="bbox 773 2297 1429 2348; baseline 0 -13"><span class='ocrx_word' id='word_1_319' title='bbox 773 2298 884 2346; x_wconf 79' lang='lat' dir='ltr'><strong>retis,</strong></span> <span class='ocrx_word' id='word_1_320' title='bbox 910 2308 972 2335; x_wconf 82' lang='lat' dir='ltr'>aut</span> <span class='ocrx_word' id='word_1_321' title='bbox 998 2309 1192 2348; x_wconf 78' lang='lat' dir='ltr'>capturam</span> <span class='ocrx_word' id='word_1_322' title='bbox 1215 2297 1344 2334; x_wconf 78' lang='lat' dir='ltr'>auium</span> <span class='ocrx_word' id='word_1_323' title='bbox 1368 2297 1429 2336; x_wconf 85' lang='lat' dir='ltr'>vel</span> 
     </span>
     <span class='ocr_line' id='line_1_67' title="bbox 772 2351 1428 2402; baseline -0.002 -11"><span class='ocrx_word' id='word_1_324' title='bbox 772 2351 962 2398; x_wconf 84' lang='lat' dir='ltr'>serarum,</span> <span class='ocrx_word' id='word_1_325' title='bbox 1005 2363 1070 2390; x_wconf 74' lang='lat' dir='ltr'>aut</span> <span class='ocrx_word' id='word_1_326' title='bbox 1104 2352 1252 2390; x_wconf 77' lang='lat' dir='ltr'>surm-os</span> <span class='ocrx_word' id='word_1_327' title='bbox 1289 2363 1428 2402; x_wconf 80' lang='lat' dir='ltr'>partus,</span> 
     </span>
     <span class='ocr_line' id='line_1_68' title="bbox 771 2405 1425 2459; baseline 0.003 -13"><span class='ocrx_word' id='word_1_328' title='bbox 771 2405 950 2446; x_wconf 80' lang='lat' dir='ltr'>soetusne</span> <span class='ocrx_word' id='word_1_329' title='bbox 985 2409 1166 2447; x_wconf 78' lang='lat' dir='ltr'>arboreos</span> <span class='ocrx_word' id='word_1_330' title='bbox 1208 2407 1425 2459; x_wconf 74' lang='lat' dir='ltr'>praestimat.</span> 
     </span>
     <span class='ocr_line' id='line_1_69' title="bbox 772 2462 1427 2516; baseline -0.002 -11"><span class='ocrx_word' id='word_1_331' title='bbox 772 2468 812 2505; x_wconf 91' lang='lat' dir='ltr'>L.</span> <span class='ocrx_word' id='word_1_332' title='bbox 846 2470 881 2511; x_wconf 80' lang='lat'>8.</span> <span class='ocrx_word' id='word_1_333' title='bbox 911 2466 946 2516; x_wconf 79' lang='lat'>§.</span> <span class='ocrx_word' id='word_1_334' title='bbox 983 2475 1013 2504; x_wconf 85' lang='lat'>1.</span> <span class='ocrx_word' id='word_1_335' title='bbox 1058 2464 1132 2503; x_wconf 87' lang='lat' dir='ltr'>Nec</span> <span class='ocrx_word' id='word_1_336' title='bbox 1162 2466 1280 2502; x_wconf 79' lang='lat' dir='ltr'>emtio.</span> <span class='ocrx_word' id='word_1_337' title='bbox 1308 2462 1347 2503; x_wconf 84' lang='lat' dir='ltr'>fs.</span> <span class='ocrx_word' id='word_1_338' title='bbox 1377 2464 1427 2504; x_wconf 84' lang='lat' dir='ltr'>de</span> 
     </span>
     <span class='ocr_line' id='line_1_70' title="bbox 772 2518 1426 2560; baseline 0.002 -2"><span class='ocrx_word' id='word_1_339' title='bbox 772 2531 891 2558; x_wconf 84' lang='lat' dir='ltr'>contr.</span> <span class='ocrx_word' id='word_1_340' title='bbox 910 2530 1000 2558; x_wconf 79' lang='lat' dir='ltr'>emt.</span> <span class='ocrx_word' id='word_1_341' title='bbox 1026 2521 1050 2559; x_wconf 86' lang='lat'>1.</span> <span class='ocrx_word' id='word_1_342' title='bbox 1077 2531 1133 2560; x_wconf 84' lang='lat'>11.</span> <span class='ocrx_word' id='word_1_343' title='bbox 1166 2518 1276 2560; x_wconf 82' lang='lat' dir='ltr'>12.ff.</span> <span class='ocrx_word' id='word_1_344' title='bbox 1289 2520 1338 2558; x_wconf 84' lang='lat' dir='ltr'>de</span> <span class='ocrx_word' id='word_1_345' title='bbox 1358 2521 1426 2559; x_wconf 60' lang='lat' dir='ltr'>ast.</span> 
     </span>
     <span class='ocr_line' id='line_1_71' title="bbox 772 2574 1428 2627; baseline 0 -13"><span class='ocrx_word' id='word_1_346' title='bbox 772 2589 876 2627; x_wconf 85' lang='lat' dir='ltr'>emp.</span> <span class='ocrx_word' id='word_1_347' title='bbox 898 2574 1010 2614; x_wconf 76' lang='lat' dir='ltr'><strong>vend.</strong></span> <span class='ocrx_word' id='word_1_348' title='bbox 1049 2577 1121 2615; x_wconf 82' lang='lat' dir='ltr'>Vel</span> <span class='ocrx_word' id='word_1_349' title='bbox 1139 2587 1225 2614; x_wconf 87' lang='lat' dir='ltr'>cum</span> <span class='ocrx_word' id='word_1_350' title='bbox 1247 2577 1330 2626; x_wconf 84' lang='lat' dir='ltr'>quis</span> <span class='ocrx_word' id='word_1_351' title='bbox 1351 2589 1428 2614; x_wconf 80' lang='lat' dir='ltr'>ma-</span> 
     </span>
     <span class='ocr_line' id='line_1_72' title="bbox 772 2629 1426 2682; baseline 0.002 -13"><span class='ocrx_word' id='word_1_352' title='bbox 772 2632 849 2669; x_wconf 86' lang='lat' dir='ltr'>lum</span> <span class='ocrx_word' id='word_1_353' title='bbox 879 2644 1022 2669; x_wconf 81' lang='lat' dir='ltr'>nomen</span> <span class='ocrx_word' id='word_1_354' title='bbox 1043 2632 1148 2677; x_wconf 86' lang='lat' dir='ltr'>emir,</span> <span class='ocrx_word' id='word_1_355' title='bbox 1177 2632 1278 2682; x_wconf 85' lang='lat' dir='ltr'>quod</span> <span class='ocrx_word' id='word_1_356' title='bbox 1302 2629 1426 2670; x_wconf 77' lang='lat' dir='ltr'>iotsan</span> 
     </span>
     <span class='ocr_line' id='line_1_73' title="bbox 770 2685 1427 2739; baseline 0 -13"><span class='ocrx_word' id='word_1_357' title='bbox 770 2700 822 2726; x_wconf 79' lang='lat' dir='ltr'>ex</span> <span class='ocrx_word' id='word_1_358' title='bbox 864 2685 1072 2739; x_wconf 76' lang='lat' dir='ltr'>improuiso</span> <span class='ocrx_word' id='word_1_359' title='bbox 1121 2688 1228 2726; x_wconf 79' lang='lat' dir='ltr'>luero</span> <span class='ocrx_word' id='word_1_360' title='bbox 1275 2687 1427 2726; x_wconf 87' lang='lat' dir='ltr'>bonum</span> 
     </span>
    </p>
   </div>
   <div class='ocr_carea' id='block_1_16' title="bbox 879 2741 1426 2795">
    <p class='ocr_par' dir='ltr' id='par_1_24' title="bbox 879 2741 1426 2795">
     <span class='ocr_line' id='line_1_74' title="bbox 879 2741 1426 2795; baseline -0.002 -12"><span class='ocrx_word' id='word_1_361' title='bbox 879 2745 916 2786; x_wconf 77' lang='lat' dir='ltr'>D</span> <span class='ocrx_word' id='word_1_362' title='bbox 1319 2741 1426 2795; x_wconf 76' lang='lat' dir='ltr'>poste</span> 
     </span>
    </p>
   </div>
  </div>
 </body>
</html>
