1875 3292
335 173 431 223 282
732 165 889 213 ACT.
922 164 998 210 III.

1022 164 1245 216 scEN.
1276 165 1309 212 1.

467 294 621 345 Habui
648 294 787 348 illam,
821 311 868 341 ac
890 291 928 340 fi·
944 309 996 340 ex
1019 311 1092 341 me
1115 285 1223 341 effet
1237 303 1357 342 nata:
1389 287 1495 347 nee,
1527 295 1604 358 qui
1623 293 1710 342 hoe

567 373 677 419 mihi
701 372 886 423 eueniat,
908 369 1016 418 scio:

466 446 565 498 Nifi
596 449 674 513 pol
696 447 836 494 filium
859 447 1009 495 multis
1043 445 1188 496 modis
1209 449 1298 495 iam
1317 443 1540 514 exspefi'to,
1570 456 1618 494 vt
1639 461 1711 492 re-

566 526 664 573 deat
696 524 895 572 domum.

436 673 752 727 ACTVS
814 639 1154 723 TERTH
1212 646 1507 724 scENA
1562 663 1596 722 1.

548 763 860 807 PAMPHILVS-
900 763 1168 804 PARMENO.
1200 761 1493 803 MYRRHINA.

325 896 423 1016 N
442 924 465 951 E
487 922 523 950 M
546 922 564 950 1
583 921 617 949 N
639 921 657 948 1
701 919 785 964 ego
809 901 938 967 plura
960 901 1112 949 acerba
1133 901 1266 950 credo
1289 897 1373 949 effe
1398 917 1449 948 ex
1472 916 1621 947 amore
1631 898 1709 947 ho-

592 981 704 1027 mini
725 995 920 1043 vnquam
943 979 1101 1033 oblata,

323 1204 428 1244 liaris
448 1201 503 1242 est
519 1201 591 1252 his,
613 1202 678 1255 qui
691 1198 995 1254 secuml'oquun-

322 1272 398 1301 tur.
455 1263 502 1300 D.

377 1321 402 1360 6
433 1318 514 1356 Nec
535 1317 602 1369 qui
621 1314 692 1355 hoc
713 1314 812 1354 mihi·
825 1313 992 1368 eueniat]

322 1372 411 1426 Qaei.
436 1372 551 1412 vnde.
608 1371 750 1412 Multis
761 1372 895 1417 modis]
917 1374 993 1412 Ve-

321 1429 484 1470 hement
490 1444 542 1468 er.
611 1430 693 1468 Iam
712 1428 909 1482 exfiJec‘Yo,
946 1440 993 1467 vt

321 1489 451 1527 reden
471 1486 638 1540 domum]
673 1487 775 1537 Quia
797 1484 896 1523 nihil
916 1484 991 1524 mi-

322 1559 407 1583 rum
438 1545 476 1582 in
501 1555 623 1581 marte
653 1543 727 1588 est,
771 1539 991 1593 exspectare

321 1613 362 1639 Vt
391 1600 426 1638 2³1¹
421 1600 494 1638 duc
525 1600 679 1637 rcdeat:
708 1599 853 1637 idcireo
885 1596 992 1637 addi·

322 1666 424 1703 tum,
436 1656 573 1694 Multis
592 1656 721 1693 modis.
781 1656 830 1692 D.
858 1655 875 1659 “

377 1725 403 1764 7
441 1715 560 1751 Recte
599 1711 647 1748 ob
682 1710 874 1748 rationem
913 1718 988 1747 tro·

321 1767 443 1807 chaici
497 1767 703 1806 cattlectici
755 1768 923 1804 Faernus
965 1777 1000 1803 e

319 1817 512 1867 Bembm'o
542 1821 712 1874 reposuit
739 1820 987 1860 Multimodis.

321 1883 483 1922 Deinde
506 1893 574 1932 pro
598 1879 757 1931 Expec‘to
778 1878 826 1916 ob
840 1874 989 1916 sensum

323 1950 362 1977 et
385 1936 531 1977 versum
554 1937 687 1988 recipe
707 1936 865 1987 Expeto.
900 1932 989 1975 Vid.

321 1995 370 2034 ad
391 1999 475 2034 Eun
511 2007 569 2040 lv,
593 1996 629 2038 6,
655 2005 689 2045 ς.
751 1995 790 2032 Β.

380 2064 396 2092 Ι
434 2052 590 2090 Nemini
609 2063 676 2104 ego
700 2048 812 2101 plura
830 2045 985 2100 acerba]

318 2108 394 2147 Hic
424 2108 606 2146 allocutio
637 2105 688 2145 est
718 2117 786 2156 per
818 2116 989 2154 conque-

319 2164 496 2204 stionem.
559 2165 608 2204 Et
639 2161 743 2201 bene
774 2174 854 2199 non
887 2158 923 2199 se
954 2173 989 2199 a·

319 2220 534 2259 matoribus
560 2218 700 2268 modo,
735 2215 796 2257 sed
826 2215 989 2256 infelici-

319 2278 391 2315 bus
440 2276 675 2316 amatoribus
727 2277 987 2326 comparauit:

319 2346 358 2372 et
378 2334 616 2385 principium
639 2331 692 2370 est
716 2345 736 2369 a
760 2329 905 2370 summa
931 2340 988 2368 to-

321 2391 394 2427 tius
426 2391 528 2430 mali.
593 2389 745 2427 Nemini
774 2402 839 2443 ego
866 2388 987 2439 »plura

317 2445 465 2498 acerba]
518 2445 580 2487 Ab
613 2458 662 2484 eo
696 2446 783 2482 loco
817 2456 988 2495 conque-

317 2502 474 2544 stionis.
511 2503 549 2541 in
583 2515 660 2553 quo
687 2500 844 2548 dicitur,
880 2499 986 2552 quod

318 2559 417 2604 nulli
449 2557 529 2597 fere
559 2559 648 2597 talia
677 2555 833 2596 aduersa
866 2557 988 2595 eonti-

319 2615 462 2668 gerint.
526 2616 678 2653 Nemini
709 2627 775 2669 ego
809 2613 921 2666 plura
948 2626 986 2657 a·

319 2671 446 2727 cerba]
478 2671 601 2714 Nimis
623 2669 841 2711 cothurnati
855 2666 895 2711 et
913 2679 986 2712 tra·

1561 1055 1709 1108 Quam

1043 1200 1123 1255 gici
1152 1200 1195 1239 in
1223 1198 1296 1239 hac
1325 1198 1449 1238 Scena
1479 1197 1631 1239 dolores
1660 1193 1711 1238 es-

1043 1258 1140 1307 1em,
1166 1270 1247 1296 non
1266 1257 1417 1303 comici,
1440 1254 1508 1294 nifi
1530 1254 1704 1303 adde1et,
1743 1303 1745 1305 Ι

1043 1316 1106 1353 Ex
1136 1326 1267 1353 amore
1327 1313 1480 1352 Nemini
1505 1326 1571 1366 ego
1599 1310 1710 1362 plura

1043 1370 1175 1410 acerba
1203 1369 1265 1423 eJJae}
1304 1371 1424 1421 credo]
1457 1367 1611 1409 Acerba
1643 1367 1711 1409 du-

1042 1429 1196 1480 pliciter
1234 1436 1458 1466 euenerunt
1489 1423 1708 1476 Pamphilu.

1043 1497 1093 1523 ex
1128 1483 1360 1536 praeterito,
1399 1482 1450 1522 de
1481 1472 1723 1521 meretrice?

1044 1554 1093 1580 ex
1117 1537 1328 1592 praesenti,
1346 1539 1397 1578 de
1416 1552 1543 1579 ποι-,ε
1604 1539 1653 1577 D.
1680 1566 1685 1569 »

1101 1597 1258 1636 Nemini
1284 1610 1347 1650 ego
1372 1595 1500 1648 plura]
1533 1594 1708 1634 Veniens

1041 1652 1266 1702 Pamphilus
1306 1664 1475 1704 petwegoe
1511 1647 1709 1710 cognoscit

1040 1708 1083 1746 in
1104 1719 1217 1759 portu
1231 1721 1251 1745 a
1271 1705 1393 1754 semo,
1417 1719 1572 1745 vxorem
1588 1703 1704 1753 suam,

1041 1776 1157 1814 quam
1178 1762 1375 1816 diligebat,
1396 1763 1513 1801 domo
1533 1759 1707 1801 disceffis-

1040 1817 1090 1859 se.
1130 1825 1219 1873 Aeg
1223 1834 1263 1860 re
1283 1818 1372 1859 fert.
1420 1819 1483 1859 Est
1502 1820 1610 1858 enim
1626 1832 1706 1857 ma-

1040 1877 1143 1916 xima
1174 1891 1285 1925 cura,
1322 1877 1413 1928 quia
1444 1872 1602 1926 suspicio
1635 1874 1701 1921 est,

1041 1933 1158 1986 puell
1152 1947 1211 1973 tm
1240 1942 1400 1985 ptwoptet
1419 1945 1545 1971 mores
1573 1929 1707 1970 disces-

1041 1987 1134 2029 iiss'e.
1181 1989 1310 2030 Habet
1331 2000 1369 2028 et
1389 1987 1704 2039 ince1·tum‚quid

1040 2045 1164 2086 faciat.
1197 2059 1298 2085 amat
1318 2058 1501 2092 vxorem,
1543 2042 1606 2088 sed
1636 2045 1705 2083 ob-

1041 2113 1232 2155 temperat
1251 2104 1371 2142 matri.
1414 2105 1469 2141 lta
1483 2101 1601 2140 habet
1612 2115 1704 2140 con-

1039 2161 1286 2212 questionem
1323 2159 1583 2198 calamitatum
1626 2155 1705 2198 sua-

1038 2230 1123 2255 rum
1152 2231 1199 2258 ex
1221 2217 1426 2269 praeterito
1449 2228 1579 2254 amore
1607 2213 1705 2253 fimi-

1038 2274 1126 2313 liter
1155 2288 1193 2313 m
1227 2275 1237 2312 l
1277 2272 1399 2326 (quod
1424 2286 1472 2310 ex
1498 2274 1703 2322 praeterito

1038 2344 1163 2369 amore
1189 2332 1392 2369 meretricis
1414 2328 1588 2380 similiter
1614 2328 1705 2366 mul.

1039 2401 1079 2426 ta
1109 2389 1171 2438 Z.)
1202 2387 1245 2425 fit
1282 2383 1418 2437 passus.
1476 2386 1594 2424 Vnde
1619 2398 1703 2423 ma-

1038 2443 1098 2483 ior
1117 2441 1351 2491 sollicitudo,
1381 2446 1567 2482 Amorem
1588 2441 1704 2479 relin-

1039 2510 1143 2551 quat,
1163 2513 1211 2538 an
1235 2496 1413 2537 aduersus
1436 2498 1624 2549 pietatem
1650 2494 1701 2534 fa·

1037 2558 1124 2595 ciat.
1184 2556 1384 2607 Explicata
1420 2552 1701 2605 conquestione

1037 2613 1188 2665 quaerit
1219 2627 1239 2650 a
1260 2609 1387 2658 seruo,
1422 2609 1518 2662 quid
1536 2608 1599 2656 fit,
1632 2620 1701 2646 cur

1035 2682 1128 2709 vxor
1150 2665 1385 2713 discefferit?
1437 2670 1481 2708 Ε.

1619 2722 1699 2761 No·
