1875 3244
665 149 968 203 ADELPH.

1396 155 1493 220 207

232 243 397 332 *Iudico
446 284 609 346 Syrum
653 278 750 329 fieri
792 278 876 331 effe
907 296 1097 347 aequom
1139 280 1345 332 liberum.
1393 282 1447 335 M
1457 301 1490 337 1.

276 366 278 368 ’
349 357 489 406 istunc
520 359 742 406 liberum?

253 434 495 491 Quodnam
518 435 574 483 ob
601 433 798 483 facium?
830 432 935 484 DE.
969 433 1124 483 multa.
1165 432 1258 483 SY.
1296 452 1324 486 o
1344 436 1489 488 noster

351 515 532 566 Demea,
557 511 739 578 aedepol
765 512 831 559 vir
851 511 996 558 bonus
1021 528 1083 558 es.

183 600 210 650 ς
247 588 345 647 Ego
376 585 477 635 istos
502 586 626 636 vobis
648 587 777 652 vsqiie
789 605 812 634 a
821 589 972 652 pueris
987 587 1137 635 curaui
1152 586 1305 637 ambos
1316 588 1489 640 sedulo:

248 666 410 717 Docui,
437 666 607 718 monui,
638 663 752 711 bene
773 666 980 731 praecepi
1003 664 1187 731 semper,
1220 681 1330 729 quae
1359 669 1488 734 potui

347 742 512 789 omnia.

249 811 300 865 D
314 823 357 862 E.
391 819 476 863 Res
496 827 691 882 apparet.
727 827 770 884 et
791 814 974 882 quidem
991 832 1131 884 porro
1151 816 1280 873 haec,
1312 817 1490 869 obsona-

349 908 398 938 re
419 908 527 939 cum>
542 891 643 947 fide,

254 971 459 1016 Scortum
481 968 708 1022 adducere,
734 985 942 1034 apparare
964 968 1018 1018 de
1039 968 1109 1018 die
1130 971 1412 1023 conuiuium:

250 1048 362 1092 Non
397 1045 628 1094 mediocris
663 1046 858 1093 hominis
884 1045 992 1093 haec
1026 1046 1125 1095 sunt
1145 1043 1300 1099 officia.
1332 1046 1419 1097 SY.
1459 1066 1490 1098 0

346 1120 546 1188 lepidum
573 1125 725 1189 caput!

116 1322 232 1367 detur
275 1321 386 1365 enim
432 1323 551 1365 modo
601 1325 783 1367 meritum

113 1378 360 1436 praeceffiffe.
423 1383 472 1422 Et
509 1384 699 1424 Sententia
726 1386 783 1422 iu-

118 1441 216 1484 dico,
243 1445 451 1486 κυριολογία.
510 1440 560 1479 D.

175 1492 249 1537 Etfi
270 1495 380 1534 multi
407 1493 532 1536 Codd.
551 1494 697 1535 habent
716 1496 782 1536 Er·

119 1564 190 1608 go,
219 1550 255 1589 h.
278 1564 311 1590 e.
330 1561 538 1603 propterea
556 1553 658 1604 quod
677 1552 782 1606 frugi

123 1622 187 1653 es:
216 1607 355 1647 reffius
385 1618 518 1647 tamen
556 1609 606 1647 ob
634 1607 780 1648 versum

123 1661 200 1706 effe
213 1677 299 1702 cum
309 1666 457 1703 Faerno
469 1662 610 1704 censeo
622 1664 718 1720 Ego.
741 1669 781 1706 B.

176 1733 205 1774 4
229 1719 428 1774 Qodnam
445 1718 647 1774 obfafi‘um
658 1722 693 1776 ?]
717 1724 780 1761 Iu·

122 1789 177 1816 re.
204 1774 338 1816 ascribi
367 1776 473 1816 enim
502 1775 629 1818 causas
646 1792 783 1819 manu·

126 1832 311 1873 miffionis
339 1832 381 1872 in
409 1834 496 1872 iure
519 1833 686 1874 formula
717 1834 782 1875 est.

127 1889 276 1937 Multa]
307 1890 487 1929 Oratorie
512 1891 649 1932 maluit
667 1905 786 1946 gene-

125 1946 255 1985 raliter
283 1944 430 1992 dicere,
458 1958 571 1997 quarn
598 1961 785 1999 quaerere

126 1998 353 2053 specialiter,
374 2001 477 2052 quod
495 2002 682 2044 inuenire
701 2018 787 2044 non.

127 2056 250 2110 poffit.
306 2060 355 2097 Et
382 2058 503 2098 Micio
538 2058 786 2114 singulariter

128 2126 250 2153 vnum
277 2115 448 2165 quaerit,
491 2111 554 2155 hic
587 2117 787 2168 pluraliter

131 2170 251 2209 multa
269 2167 489 2222 respondet.
547 2173 710 2227 Aedepol
726 2178 788 2214 vir

132 2224 281 2280 honus]
331 2229 433 2267 lutat
476 2226 646 2269 bonum:
695 2232 786 2281 quia

133 2292 286 2335 praeter
305 2283 535 2335 opinionem
559 2284 624 2324 est.
681 2287 730 2326 D.

187 2338 353 2391 Aedepol
367 2342 428 2379 vir
441 2338 552 2380 bonus
572 2339 624 2388 es]
652 2343 699 2382 111
716 2339 787 2383 Ms.

134 2395 177 2436 R.
207 2408 242 2433 es
260 2393 502 2436 defideratur.
558 2401 600 2438 L.

189 2452 239 2490 Es
256 2449 360 2490 abest
371 2464 392 2490 a
404 2462 491 2492 vett.
509 2452 655 2494 nostris.
694 2455 790 2495 Scri·
815 2452 822 2455 Α

134 2503 186 2545 be
226 2519 317 2546 vero
351 2507 509 2556 Bonu‘s;
552 2511 657 2562 quod
694 2508 788 2550 sono

133 2563 229 2659 :ign
255 2561 463 2660 d1i3fferebat
480 2579 500 2604 a
527 2564 696 2620 simplice
714 2569 788 2608 Bo-

186 2688 213 2732 5
251 2675 330 2735 Ego
364 2673 448 2733 ssot
470 2674 591 2734 *vobis
623 2678 736 2734 osque
764 2695 787 2721 a

1429 1217 1490 1254 10

831 1327 971 1382 pueris]
1001 1325 1191 1381 Intelligit
1216 1328 1354 1381 Syrus,
1383 1324 1492 1368 labo·

833 1396 985 1424 rantem
1022 1398 1091 1436 pro
1117 1383 1157 1424 se
1184 1386 1375 1425 Demeam
1405 1398 1492 1424 non

832 1440 979 1480 habere
1000 1441 1104 1493 quod
1122 1441 1240 1480 dicat:
1260 1442 1398 1482 etideo
1411 1438 1493 1493 ipse

832 1495 1078 1549 prosequitur
1114 1498 1292 1538 ordinem
1335 1499 1493 1537 merito-

831 1566 938 1593 rum:
977 1551 1187 1593 secundum
1226 1567 1343 1604 quem
1371 1567 1493 1606 appa·

831 1619 893 1650 ret
913 1610 1186 1663 paedagogum
1206 1607 1328 1649 suifl'e.
1385 1613 1435 1650 D.

885 1669 910 1709 6
941 1666 1086 1715 Domi,
1114 1668 1252 1714 monui,
1283 1665 1371 1706 hene
1384 1677 1493 1720 prae·

833 1723 929 1777 cepi]
980 1723 1158 1764 Ridicule
1193 1722 1408 1771 adduntur,
1453 1735 1495 1763 et

833 1789 986 1819 tantum
1014 1780 1103 1833 (fid
1129 1792 1250 1819 tamen
1278 1777 1350 1819 Ms.
1381 1780 1421 1819 Β.
1452 1791 1494 1818 et

833 1835 930 1876 Edd.
959 1846 1051 1876 ante
1069 1835 1223 1888 Steph.)
1251 1833 1496 1874 consuetudi-

835 1905 912 1933 ne:
944 1893 1033 1944 quia
1050 1892 1290 1944 imputantur
1310 1892 1424 1931 etiam
1443 1891 1497 1932 fa-

834 1949 892 1989 &a
909 1961 1029 2001 praue
1049 1962 1120 2001 pro
1131 1948 1260 1988 bonis.
1315 1948 1496 2003 Quaepo-

835 2007 896 2045 tui
923 2004 1061 2052 omnia]
1092 2008 1201 2045 Bene
1225 2006 1332 2061 ¹Qua
1358 2008 1496 2059 potui.-

835 2061 936 2114 quali
956 2062 1067 2113 plura
1086 2062 1213 2101 vellet.
1269 2064 1318 2101 D.

889 2130 918 2171 7
944 2117 1017 2159 Res
1035 2117 1208 2171 apparet]
1237 2118 1342 2157 Mire
1361 2115 1497 2157 irridet

835 2177 999 2224 Demea,
1019 2173 1068 2212 fic
1086 2185 1216 2214 tamen
1235 2184 1273 2213 vt
1290 2171 1387 2213 serio
1406 2187 1498 2228 age·

836 2245 879 2271 re
899 2230 1083 2270 videatur.
1137 2234 1189 2271 D.

893 2292 915 2335 8
956 2289 1151 2338 Apparare
1177 2285 1220 2325 de
1247 2284 1305 2325 die
1332 2287 1498 2325 conuiui-

837 2342 916 2396 um]
954 2343 998 2381 Id
1027 2342 1101 2392 est,
1139 2352 1327 2392 repente,
1360 2355 1497 2394 neque

838 2409 929 2438 ante
963 2398 1217 2450 praediclum‚
1261 2411 1337 2438 nec
1366 2399 1498 2452 pridie

839 2453 1099 2494 constitutum.
1160 2456 1211 2493 D.

893 2523 920 2564 9
961 2511 1136 2565 Lepidum
1163 2510 1324 2567 caputl]
1369 2511 1497 2553 Serui-

838 2579 882 2617 us
921 2566 988 2607 lib.
1017 2581 1043 2608 1.
1075 2567 1244 2607 Aeneid.
1278 2566 1368 2607 vers.
1400 2581 1495 2623 399.

831 2622 1014 2679 pubesque
1048 2637 1151 2677 nme,
1191 2621 1374 2681 pubesque
1412 2637 1496 2666 τωο·

835 2692 925 2723 rum.
984 2685 1026 2723 1„
