1827 3180
22 2811 31 3180 ι

626 164 978 247 monuo,

1361 213 1457 261 425

107 368 114 374 .
138 345 199 392 ²5
237 328 374 393 Coepi
398 327 607 375 aduersari
631 330 799 392 primo':
837 325 944 389 quid
971 323 1114 372 verbis
1137 321 1296 390 opust?

233 406 335 451 Seni
359 399 495 450 fidelis
517 404 622 450 dum
643 404 747 454 sum.
770 401 957 466 scapulas
979 400 1165 465 perdidi.

233 476 344 526 DA.
383 484 557 526 Venere
588 482 633 525 in
666 489 860 525 mentem
892 477 1001 524 mihi
1021 474 1176 540 istaec:
1216 492 1318 523 nam
1349 491 1463 540 quae

331 554 491 601 inscitia
519 553 591 607 est,

236 630 482 677 Aduersum
509 629 727 677 stimulum
751 629 919 676 calces?
942 622 1041 674 GE.
1062 629 1250 692 coepiiis
1263 628 1412 674 omnia

235 709 409 759 Facere,
436 706 610 771 obsequi
635 723 745 770 quae
770 706 947 754 vellent.
990 700 1103 750 DA.
1139 702 1245 750 scisti
1268 705 1327 751 vti
1348 703 1462 750 foro.

156 919 209 961 Ως
238 905 344 962 Quid
357 906 479 948 verbis
503 906 668 962 opusest]
688 911 760 950 Re-

105 975 230 1017 pente
259 962 439 1010 insertur,
465 965 576 1020 Qid
601 976 690 1016 opus
712 963 758 1019 est

105 1021 261 1063 verbis?
289 1031 329 1059 et
351 1018 434 1060 satis
444 1022 648 1061 moraliter.
678 1024 728 1063 D.

161 1081 213 1119 26
231 1076 316 1116 Seni
328 1075 450 1128 fidelis
460 1077 542 1115 dum
550 1077 658 1131 sum]
680 1079 757 1128 Op-

107 1146 276 1183 portune
295 1134 382 1172 Sem·
400 1133 507 1180 dixit,
532 1145 568 1172 vt
587 1133 761 1172 ostendat

26 1214 32 1221 .
107 1202 223 1239 quam
245 1188 400 1229 stultum
426 1188 488 1237 iit,
522 1187 604 1229 seni
627 1189 763 1229 aduer-

106 1244 166 1284 sus
185 1247 345 1284 iuuenes
366 1244 521 1285 fidelem
532 1243 620 1286 esse.
675 1247 763 1286 Seni

98 1298 221 1352 fidelis
239 1302 324 1340 dum
339 1300 437 1355 fiam]
466 1302 577 1342 Fidus
599 1301 652 1340 est
671 1303 763 1340 ami-

107 1357 220 1396 cusi‘
232 1358 369 1397 Fidelis
395 1358 449 1397 est
477 1356 621 1398 seruus.
682 1357 763 1396 Sca-

101 1413 211 1468 pulas
222 1413 391 1468 perdidi]
422 1414 507 1454 Plus
527 1413 581 1452 est
602 1414 764 1460 Perdidi,

109 1483 229 1521 quam
255 1469 281 1509 ii
311 1470 477 1517 diceret,
517 1470 644 1509 Dolui.
713 1472 763 1509 Et

109 1526 217 1566 bene
256 1527 387 1565 retulit
416 1527 569 1566 PerdI'di
607 1526 690 1570 πρδς
718 1526 763 1563 ‘rii

110 1582 260 1623 Fidelis.
301 1582 442 1621 Fidelis
462 1584 569 1621 enim
590 1581 763 1621 officium

110 1638 176 1685 est,
199 1635 346 1677 seruare
364 1638 518 1688 aliquid.
577 1641 625 1679 D.

165 1696 248 1734 Sem·
271 1693 394 1745 fidelis
421 1696 506 1734 dum
521 1693 626 1748 fiam]
661 1696 766 1735 Dum

107 1748 192 1791 feni
218 1749 333 1789 iidem
353 1750 514 1802 praesto,
539 1761 577 1789 vt
595 1751 766 1789 monitor

110 1804 411 1860 perseuerat-em,
440 1805 662 1859 vapulando
683 1804 767 1861 sca-

109 1863 217 1919 pulas
235 1864 392 1915 perdidi.
449 1865 492 1903 E.

170 1920 275 1968 Quia
293 1918 408 1958 ambo
427 1915 535 1958 senes
564 1919 671 1958 iuum
690 1931 766 1957 ma-

109 1972 271 2027 gistrum
287 1973 371 2014 filiis
384 1976 639 2026 reliquerunt,
658 1987 767 2026 repo-

115 2043 169 2070 ne
189 2030 335 2070 Senibus
353 2044 423 2082 pro
442 2032 535 2071 Seni.
594 2033 633 2071 B.

113 2110 116 2113 -
173 2097 226 2138 27
259 2086 390 2124 Venere
419 2090 457 2125 in
482 2099 635 2126 mentem
662 2085 766 2141 {llaec

114 2141 228 2194 mihi]
263 2142 394 2180 Venire
419 2145 459 2181 in
484 2156 653 2189 mentem,
683 2155 764 2181 non

116 2198 168 2238 ad
191 2197 503 2237 recordationem
532 2208 683 2237 tantum
713 2197 767 2236 di-

116 2255 238 2293 citur:
267 2250 328 2292 sed
355 2252 401 2291 ad
423 2254 709 2305 reputationem
730 2263 769 2291 et

117 2309 436 2361 intelligentiam.
494 2313 543 2350 D.

175 2364 327 2414 Infietia
351 2363 414 2415 est,
444 2363 634 2416 aduerfiem
644 2363 770 2415 stimu-

116 2421 209 2474 lum]
241 2422 397 2460 Etenim
427 2418 569 2460 inscitia
597 2419 667 2467 est,
699 2421 770 2458 cal-

114 2489 183 2516 ces
203 2477 301 2515 velle
326 2477 472 2523 iaaare,
497 2490 581 2515 cum
600 2475 769 2515 stimulus

113 2533 323 2573 imminet:
350 2542 387 2571 te
407 2533 512 2571 enim
539 2533 661 2586 magia
679 2530 773 2571 inci-

111 2590 200 2643 pias
226 2589 437 2627 vulnerare.
496 2591 538 2629 E.

172 2645 372 2686 Bentleius
398 2656 535 2697 negat,
569 2642 773 2684 commode

118 2697 216 2743 baec
245 2701 360 2746 verba
391 2700 508 2745 tribui
524 2698 633 2756 poss'e
648 2702 776 2745 Dauo.

1399 796 1461 842 30

808 907 889 959 qui,
915 903 984 946 nisi
1006 906 1104 946 Geta
1122 901 1313 948 nanass‘et,
1339 902 1462 942 Senes

808 959 935 1003 abeffe
974 963 1222 1016 ignorauerit.
1281 959 1461 1005 Fallitur;

807 1033 897 1059 nam
928 1019 1045 1058 verba
1075 1019 1210 1057 Venere
1238 1019 1278 1056 in
1307 1028 1465 1054 mentem

806 1075 898 1114 mihi
917 1075 964 1115 ad
976 1075 1154 1127 proxime
1167 1071 1367 1125 sequentia
1379 1083 1465 1123 per-

810 1133 952 1172 tinent.
1030 1131 1107 1172 Sed
1140 1130 1254 1169 lenio
1291 1128 1467 1180 Namque

811 1201 882 1241 pro
909 1187 1011 1228 Nam
1039 1199 1135 1240 quae
1161 1185 1212 1225 ob
1240 1182 1466 1224 consensum

811 1244 935 1285 Codd.
957 1243 1176 1296 praefertur
1186 1257 1208 1281 a
1217 1241 1393 1282 Bentleio
1404 1252 1468 1279 re-

812 1301 882 1341 ξὶε.
915 1301 978 1341 Cf.
999 1299 1104 1339 And.
1133 1310 1166 1345 1,
1188 1311 1218 1346 1,
1238 1310 1303 1350 40.
1358 1299 1399 1336 Z.

868 1363 920 1404 28
946 1356 1046 1395 Nam
1068 1368 1158 1408 quae
1176 1353 1322 1404 inscuia
1333 1351 1467 1402 est,ad-

812 1412 955 1462 uersum
965 1411 1149 1463 stimulum
1170 1407 1291 1455 calces]
1322 1410 1406 1447 Hoc
1417 1406 1470 1446 di-

813 1470 914 1507 etum
934 1479 975 1506 et
994 1465 1175 1519 superiori
1202 1462 1392 1517 personae
1417 1461 1470 1502 es·

812 1521 850 1562 se
871 1523 1012 1576 potest,
1042 1535 1081 1563 et
1104 1523 1227 1562 alteri.
1282 1517 1468 1573 Adtccnfics

804 1579 993 1632 stimulum
1026 1578 1151 1628 calces]
1183 1584 1350 1624 Πκροιμίκ
1380 1588 1469 1616 cum

816 1641 982 1679 met-411:
1020 1634 1126 1674 deest
1163 1635 1282 1679 enim,
1318 1633 1470 1674 iac'iare.

813 1692 1012 1732 stimulum
1038 1704 1109 1741 pro
1137 1690 1300 1728 domino
1329 1683 1473 1727 adoles-

814 1758 930 1789 cente
968 1744 1105 1800 posuit'.
1162 1745 1298 1796 Calces]
1345 1744 1470 1784 Modo

811 1805 936 1853 'calc-es,
960 1817 1040 1842 non
1062 1812 1190 1855 partes
1208 1803 1378 1853 plantae,
1406 1797 1470 1838 sed

817 1861 1074 1914 percussiones
1102 1857 1245 1909 pedum
1264 1853 1474 1909 plagasque

815 1915 1015 1970 fignificat.
1079 1915 1203 1955 Aliter
1235 1914 1372 1964 virgil.
1405 1915 1467 1961 (v²

817 1975 933 2027 324.)
964 1970 1157 2023 calcemque
1182 1972 1272 2008 terit
1305 1971 1379 2008 iam
1400 1967 1471 2007 cal-

819 2043 855 2068 ce
873 2032 1025 2070 Diores.
1082 2030 1131 2068 D.

870 2081 1081 2135 Aduersum
1111 2079 1312 2134 stimulum]
1349 2083 1472 2120 Zeno-

816 2141 901 2180 bius
939 2141 978 2179 in
1016 2137 1197 2179 Prouerb.
1233 2139 1315 2182 ned:
1357 2143 1472 2182 sib-nea

815 2200 998 2244 λακτίζειν.
1053 2195 1247 2234 Ammian.
1296 2192 1476 2235 Marcell.

821 2266 948 2292 contra
969 2251 1134 2289 acumina
1155 2248 1355 2288 calcitrare.
1376 2246 1474 2289 Cha-

819 2307 1058 2348 sicubi-,fixa
1118 2309 1157 2345 L.

875 2374 928 2415 29
962 2359 1063 2411 Scisti
1089 2364 1146 2398 vti
1170 2357 1287 2409 fhro]
1324 2359 1474 2400 Secun-

822 2419 913 2458 dum
950 2418 1035 2455 ilios
1070 2416 1353 2467 negotiatores,
1403 2416 1470 2467 qui

822 2486 912 2513 ante
946 2474 1073 2511 locum
1103 2472 1345 2519 commercii,
1388 2484 1474 2511 non

822 2527 1097 2583 praescribunt,
1144 2529 1276 2578 quanti
1306 2527 1474 2567 vendant

826 2598 926 2638 quae
944 2584 1165 2623 aduehunt:
1185 2581 1247 2622 sed
1264 2580 1475 2622 secundum

825 2654 1024 2682 annonam
1045 2638 1241 2690 soi-iquam
1260 2638 1479 2690 deprehen-

825 2697 967 2745 derint,
989 2693 1188 2736 confilium
1204 2694 1254 2735 de
1266 2695 1482 2736 vendendis

934 2754 1009 2798 Dd
1040 2766 1063 2809 5
1417 2763 1485 2790 aut
