1875 3244
627 147 922 197 ADELPH.

1345 159 1442 210 205

208 278 432 330 Postremo
454 295 547 327 non
567 294 718 326 meum
739 276 849 325 illud
867 273 1052 326 verbum
1073 273 1198 329 facio,
1210 266 1354 340 ‘quod
1376 287 1442 333 tu,

307 358 462 408 Micio,

114 450 176 501 30
210 436 328 480 Bene
351 443 393 478 et
410 431 622 496 sapienter
643 430 747 478 dixti
777 427 970 482 dudum,
1003 428 1176 476 Vitium
1205 443 1442 480 commune

306 509 507 555 omnium
531 505 604 560 est,

208 582 345 639 Quod
375 584 561 629 nimium
593 582 646 630 ad
679 597 774 630 rem
801 583 849 628 in
887 576 1055 628 seneffia
1086 581 1238 628 attenti
1270 579 1441 627 sumus:

310 659 422 705 hanc
442 658 652 705 maculam
675 675 756 705 uos
780 656 904 704 decet

204 732 438 795 Effugere:
475 731 640 780 disturn
663 731 722 780 est
742 749 858 786 vere,
885 742 929 779 et
952 747 999 778 re
1018 731 1107 796 ipsa
1130 728 1226 778 fieri
1247 743 1440 796 oportet.

208 809 312 858 M1.
352 809 472 863 Quid
493 806 613 858 istic?
654 808 845 857 dabitur:
883 806 1324 874 quandoquidemhic
1336 807 1442 859 volt.-

304 881 403 931 AE.
440 887 501 932 mi
527 894 664 952 pater.

73 1086 154 1141 mr]
187 1084 300 1137 Quasi
320 1099 402 1125 non
424 1095 648 1137 quaeratur,
678 1098 728 1125 an

73 1141 246 1199 dandum
281 1141 344 1182 fit:
381 1140 445 1182 sed
474 1141 571 1181 illud
597 1137 729 1191 solum,

73 1213 127 1239 an
151 1199 253 1240 reete.
310 1201 360 1248 D.

125 1324 178 1364 29
212 1310 305 1350 Non
335 1323 452 1351 meum
469 1308 562 1350 illud
582 1309 731 1351 verbum

62 1368 190 1422 flacio]
219 1370 331 1406 Nunc
359 1366 518 1407 Verbum
546 1381 616 1418 pro
634 1365 732 1414 ἀξιῶ.

71 1441 157 1470 ματι
182 1420 324 1475 posuit,
358 1422 463 1474 quod
481 1436 557 1462 vno
578 1422 730 1476 stringi-

74 1491 137 1519 tur
155 1478 285 1518 verbo.
339 1481 443 1532 Ergo
465 1479 629 1527 Verbum,
650 1479 731 1518 bre-

72 1537 130 1575 uis
158 1533 362 1575 sententia.
420 1535 512 1574 Non
542 1549 658 1574 meum
688 1536 730 1574 il-

72 1591 140 1631 lud
168 1590 319 1630 verbum
340 1590 469 1642 ficio]
508 1593 607 1631 Nota
638 1592 729 1630 Ver·

72 1647 182 1695 hum,
218 1659 288 1698 pro
313 1646 522 1697 sententia:
558 1657 616 1694 vt,
648 1650 728 1686 Vno

70 1703 185 1745 verbo
214 1703 294 1749 dic,
313 1701 354 1755 Ji
381 1702 471 1755 quid
494 1701 544 1756 est
561 1702 662 1756 quod
677 1716 730 1741 me

75 1760 178 1800 velis.
234 1761 292 1807 Et,
321 1758 503 1809 Miseram
523 1763 602 1798 me!
630 1759 730 1811 quod

71 1815 227 1856 verbum
254 1814 394 1854 audio?
430 1813 586 1854 Verbum
619 1815 728 1864 dixit,

73 1885 203 1911 veram
232 1868 471 1909 sententiam.
527 1873 625 1911 Nam
645 1884 728 1909 ver-

74 1926 123 1967 ba
150 1925 226 1966 ess'e
257 1940 278 1964 a
296 1927 456 1965 veritate
477 1926 597 1974 diua,
625 1927 732 1966 testa-

77 1994 140 2024 tur
160 1984 296 2022 Varro.
353 1981 403 2022 D.

134 2036 252 2088 Quod
271 2036 478 2077 Palmerius
516 2047 557 2076 et
583 2039 729 2078 Guliel-

74 2095 174 2135 mius
216 2093 307 2132 olim
345 2095 603 2143 coniecerant,
659 2095 731 2135 1³0-

62 2151 207 2205 stremo
228 2161 321 2188 nunc
337 2162 479 2192 meum,·
496 2150 536 2188 id
559 2151 658 2190 clare
670 2151 731 2190 ha·

79 2207 145 2246 bet
171 2205 309 2258 Regius
339 2204 570 2246 Chai-tacens
598 2220 645 2246 ex
671 2220 728 2245 ve-

76 2262 237 2302 terrimo
273 2261 442 2312 quodam
478 2259 732 2314 transcriptus.

76 2318 213 2359 Redle:
244 2327 283 2355 et
303 2315 437 2356 frustra
458 2328 654 2370 receptam
667 2331 727 2358 ex·

78 2374 223 2427 plicare
245 2383 443 2412 conantur.
498 2376 543 2414 B.

132 2496 183 2538 31
212 2484 320 2523 Hanc
343 2481 522 2524 maculam
546 2499 614 2526 nos
635 2487 734 2527 decet

77 2539 251 2596 qffisgere]
281 2538 466 2579 Maculam
491 2544 537 2586 τῷ·
553 2547 734 2590 χλευασμῷ

78 2599 194 2644 dixit,
220 2596 385 2636 irridens
414 2596 639 2647 opinionem
661 2601 734 2641 Mi-

80 2654 226 2713 clanii:
255 2653 348 2707 quia
367 2651 646 2707 pariimoniam,
658 2669 733 2699 ma·

1329 962 1440 1013 De.

778 1083 894 1126 culam
927 1096 1052 1138 putet.
1107 1087 1155 1126 Et
1179 1082 1290 1124 simul
1317 1085 1437 1132 auxit,

777 1144 904 1196 primo
914 1143 1064 1190 Vitium,
1087 1140 1439 1191 deindeMaculam

777 1200 940 1240 dicendo.
997 1202 1046 1240 D.

836 1269 889 1309 32
917 1255 1122 1295 Ordinatio
1157 1250 1335 1294 versuum
1365 1252 1438 1290 ho-

781 1326 877 1359 rum,
907 1324 1007 1364 quae
1023 1311 1076 1351 est
1095 1311 1196 1361 apud
1219 1308 1436 1350 Lindenbr.

780 1370 975 1408 auitorem
992 1366 1109 1406 habet
1120 1368 1321 1406 Faenium.
1351 1368 1387 1406 N
1391 1377 1438 1404 os

780 1425 937 1476 quidem
969 1424 1073 1462 hunc
1104 1421 1283 1461 ordinem
1309 1419 1438 1459 statui-

778 1494 883 1520 mus:
909 1479 1103 1534 Fffugere:
1133 1476 1322 1527 diaumest
1339 1491 1436 1526 vere,

777 1549 814 1576 et
833 1550 872 1576 re
890 1536 966 1589 ipfiz
978 1536 1067 1586 fieri
1076 1546 1231 1586 oportet,
1241 1534 1374 1572 Micio.
1400 1532 1410 1587 Ι

778 1593 862 1632 M1.
901 1593 1010 1648 ‚Qaeid
1034 1590 1136 1642 lstic?
1173 1587 1325 1629 dabitur
1355 1589 1436 1642 qui-

778 1648 871 1694 dem,
894 1648 1041 1701 quando
1067 1646 1125 1685 hic
1143 1647 1234 1686 volt.
1266 1650 1348 1687 ΑΕ.
1382 1645 1437 1684 mi

775 1716 899 1758 pater.
941 1705 1029 1743 DE.
1066 1715 1162 1741 nunc
1190 1714 1232 1742 tu
1255 1702 1367 1746 mihi,
1399 1701 1410 1753 ᾖ

778 1762 914 1808 Micio,
931 1773 966 1799 es
984 1770 1183 1813 germanus
1195 1760 1345 1811 pariter
1357 1758 1436 1795 ani·

778 1831 836 1856 mo
872 1830 912 1855 ac
947 1826 1108 1868 corpore.
1153 1817 1242 1856 Ml.
1278 1814 1435 1868 gaudeo.

777 1876 878 1915 Nam
911 1872 952 1911 in
987 1872 1111 1923 primo
1145 1866 1254 1909 versu
1285 1868 1436 1908 excidit

778 1928 916 1976 Micio,
937 1926 1030 1980 quia
1047 1924 1274 1978 sequebatur
1295 1924 1437 1965 eadem

779 1998 875 2025 vox:
905 1995 945 2023 et
972 1984 1012 2022 in
1040 1980 1144 2021 versu
1174 1982 1288 2020 tertio
1309 1981 1436 2020 Micio

780 2056 801 2081 a
820 2037 1194 2094 praecedenteMiln‘
1213 2035 1436 2087 absorptum

781 2093 849 2138 est.
904 2096 1086 2149 Qidem,
1127 2093 1270 2147 quando
1304 2092 1433 2134 Codd.

782 2150 985 2193 cousensus
1005 2148 1239 2202 comprobat.
1282 2150 1436 2188 Omnes

781 2210 889 2256 libri,
926 2219 1078 2260 praeter
1112 2218 1229 2244 vnum
1261 2217 1437 2255 eumque·

781 2264 1039 2312 mediocrem,
1070 2261 1217 2300 habent
1236 2263 1369 2300 Animo
1397 2272 1437 2299 et

781 2332 943 2373 corpore.
1000 2317 1205 2358 Sententia
1223 2327 1350 2355 autem
1363 2329 1437 2367 po·
1456 2364 1462 2371 .

779 2376 890 2416 stulat
908 2378 960 2415 Ac
978 2388 1047 2426 pro
1059 2376 1121 2414 Et.
1176 2369 1314 2413 Sensus
1324 2373 1436 2412 enim

782 2431 854 2473 est:
895 2432 1023 2478 Nunc,
1049 2442 1138 2468 cum
1162 2427 1239 2468 hoc
1266 2442 1288 2466 a
1308 2440 1346 2468 te
1364 2430 1435 2467 im-

783 2500 904 2542 petro,
924 2501 1012 2526 cum
1040 2483 1248 2525 liberaliter
1265 2495 1306 2524 et
1323 2484 1436 2524 beni-

783 2558 863 2598 gne
893 2543 1006 2591 saci33
1050 2553 1155 2580 nune
1186 2542 1327 2591 pariter
1353 2541 1436 2579 ani·

781 2614 845 2641 mo
864 2599 958 2639 mibi
977 2610 1183 2652 germanus
1207 2610 1261 2646 es,
1279 2610 1320 2638 ac
1342 2594 1433 2638 seul·

779 2669 854 2713 per
871 2667 1030 2710 corpore
1046 2651 1158 2698 fuisti.
1211 2657 1255 2699 Β.
