1875 3292
387 205 494 265 278

794 200 951 248 ACT.
985 199 1037 246 11.
1083 199 1278 247 SCEN.
1309 200 1364 247 11.

537 331 702 392 Neque
724 327 832 375 adeo
852 329 962 376 clam
982 344 1055 375 me
1080 327 1165 383 est,
1197 345 1329 393 quam
1361 324 1445 376 effe
1464 341 1565 377 eum
1587 329 1779 391 grauiter

636 406 827 451 laturum
850 404 1039 452 credam,

433 498 507 531 ’πο
543 484 647 528 Hoc
678 479 706 526 si
738 481 950 527 rescierit:
1002 497 1054 527 eo
1090 479 1275 531 domum
1304 477 1455 530 studeo
1489 480 1620 533 haec,
1656 481 1782 545 prius

641 573 772 621 quam
799 556 884 610 ille,
906 567 953 602 vt
977 556 1139 604 redeat.

539 630 639 682 Pu.
676 632 865 687 LacheS,
897 643 942 681 et
974 631 1245 695 diligentia-m
1274 629 1482 685 vestram,
1515 642 1558 678 et
1578 631 1784 692 benigni-

638 718 771 757 tatem

405 911 522 953 strum
552 910 740 959 occurrit,
777 919 819 950 et
846 908 974 952 versus
1002 910 1072 951 im-

402 967 557 1022 probat.
619 967 734 1007 ReEle
770 968 891 1021 igitur
928 980 1006 1008 tres
1049 980 1073 1008 e

405 1024 543 1064 nostris
563 1033 651 1062 vett.
674 1023 816 1078 Magni
833 1024 973 1077 jlicere.
1006 1028 1045 1064 Β.

463 1092 514 1132 19
546 1081 677 1133 Neque
706 1082 795 1119 adeo
828 1081 922 1120 clam
938 1095 992 1121 me
1014 1078 1072 1134 est,

406 1149 517 1190 quam
535 1136 631 1188 affe]
649 1137 958 1189 Ingeniofiffime
978 1140 1073 1178 Poe·

405 1203 445 1230 ta
468 1194 543 1231 iam
564 1204 769 1244 praeparat
799 1191 948 1233 causam
966 1192 1076 1232 simu·

403 1250 536 1288 ‘laturo
567 1248 617 1288 ob
650 1247 750 1290 hanc
773 1263 858 1290 rem
882 1250 1076 1290 iracundi-

407 1319 470 1345 am
498 1304 713 1356 Pamphilo.
771 1308 820 1346 D.

465 1366 632 1412 Repone
661 1363 791 1415 Neque
818 1363 906 1402 adeo
930 1363 1020 1402 clam
1043 1375 1078 1401 te

348 1422 351 1425 '
412 1417 472 1472 est,
493 1433 605 1470 quam
623 1418 687 1470 ejse
710 1432 788 1457 eum
810 1421 977 1458 latu'rum
992 1433 1078 1474 gra·

409 1478 512 1513 uiter
540 1476 693 1514 fredam.
754 1478 852 1515 Nam
881 1473 1074 1527 transposi-

409 1531 558 1569 tionem
601 1536 645 1569 τέ
675 1532 852 1571 Grziuiter
883 1536 1078 1571 Accentus

409 1587 584 1639 postulat,
615 1598 652 1626 et
663 1599 923 1626 mutationem
945 1591 989 1625 τέ
1009 1589 1078 1627 Me

412 1645 453 1681 in
485 1643 552 1689 Te,
583 1640 734 1681 sensus:
779 1646 868 1693 quia
907 1643 1078 1694 sequitur

415 1699 583 1737 Credam.
624 1702 665 1737 B.
732 1700 767 1738 Si
804 1698 897 1748 quid
927 1710 1079 1737 mutan-

413 1755 506 1793 dum
520 1753 584 1799 eli,
602 1753 785 1804 equidem
802 1753 1077 1806 corrigendum

414 1808 558 1849 censeo
582 1810 718 1849 Credas
750 1823 834 1848 cum
866 1811 1075 1862 interroga-

415 1868 536 1906 tione.
578 1865 637 1908 Cf.
670 1870 772 1907 Eun.
813 1878 872 1913 11,
918 1879 963 1913 2,
1012 1879 1078 1917 44.

413 1923 540 1976 Quint
563 1921 628 1960 hoc
652 1935 944 1976 munusgratum
970 1920 1079 1963 Thai·

414 1981 455 2020 di
476 1980 663 2018 arbitrare
683 1980 767 2031 esse?
824 1983 866 2020 Z.

472 2048 524 2077 20
554 2035 656 2074 Haec
671 2039 800 2087 prius,
832 2048 938 2088 quam
961 2032 1018 2073 ille
1037 2047 1082 2073 vt

417 2092 564 2145 redeat]
588 2094 659 2131 Hic
683 2090 868 2131 subtiliter
881 2092 996 2130 ctiam
1012 2102 1083 2130 ter-

421 2163 549 2188 rorem
586 2149 722 2187 iniecit
752 2146 978 2187 iracundiae
1008 2161 1083 2186 ma-

419 2208 493 2245 riti.
551 2208 601 2245 D.

478 2267 548 2302 l'ro
569 2262 671 2300 Haec
690 2274 778 2300 cum
799 2259 895 2301 Edd.
919 2269 1008 2298 vett.
1034 2260 1084 2299 le-

420 2331 472 2372 ge
495 2318 626 2364 Har1c3
660 2328 698 2356 et
726 2331 795 2369 pro
818 2317 867 2356 Vt
898 2315 1016 2356 nostri
1047 2329 1084 2354 o-

421 2388 534 2413 mncs
554 2376 657 2412 rocio.
676 2375 771 2412 Huc.
832 2376 870 2411 B.

480 2443 524 2470 21
562 2428 714 2476 Laches,
737 2444 770 2468 et
791 2429 1018 2484 diligentiam
1029 2442 1086 2468 ve-

413 2486 551 2539 stram]
592 2487 829 2538 Principium
868 2485 1036 2524 {imiliter
1065 2499 1086 2523 a

422 2541 587 2594 poi-sona
631 2543 684 2580 est
720 2543 877 2581 iachim.
935 2540 1085 2590 Laches,

420 2613 460 2637 et
481 2599 709 2651 diligentiam
742 2598 914 2651 vestram]
950 2602 1083 2638 Remo-

426 2656 508 2692 tino
547 2655 636 2692 {latu
666 2655 746 2705 :igit
777 2654 988 2705 Phidippus
1017 2667 1086 2704 pro

426 2708 592 2762 persona
634 2708 705 2748 sua.
764 2713 859 2748 Nam
892 2711 930 2747 in
969 2708 1084 2747 filiam

425 2778 603 2808 remouet
633 2767 803 2817 culpam,
834 2779 901 2805 eur
922 2779 1006 2806 non
1031 2777 1086 2805 re-

1630 785 1782 831 Noui:

1123 909 1234 950 deat:
1264 918 1304 948 et
1322 908 1523 948 relatiuam
1542 905 1651 946 fimul
1664 916 1786 948 tentat

1123 967 1366 1020 qualitatem.
1393 963 1518 1017 potest
1548 966 1655 1003 enim
1681 965 1786 1004 vide·
1834 979 1837 981 ’

1125 1025 1168 1072 ri,
1201 1036 1288 1062 eam
1306 1023 1448 1060 iniuria
1468 1018 1592 1059 socrus
1615 1021 1662 1059 ad
1686 1020 1788 1060 hane

1126 1079 1369 1119 voluntatem
1411 1075 1488 1117 efl'e
1535 1074 1783 1129 compulsam.

1126 1135 1280 1183 Laches,
1309 1148 1345 1181 et
1365 1135 1596 1190 diligentiam
1614 1133 1788 1188 vestram]

1124 1192 1188 1236 Ab
1209 1206 1257 1232 eo
1272 1192 1412 1244 coepit,
1435 1204 1512 1242 quo
1531 1191 1698 1229 maxime
1709 1203 1791 1229 mo-

1126 1259 1188 1288 tus
1209 1248 1275 1296 est,
1301 1260 1338 1289 et
1362 1246 1466 1299 quod
1487 1248 1526 1285 in
1547 1247 1682 1298 primis
1706 1260 1793 1298 pur·

1128 1304 1380 1359 gandumlibi
1399 1303 1492 1343 fuit:
1514 1316 1566 1342 ne
1584 1300 1791 1354 suspestam

1128 1371 1194 1401 aut
1213 1362 1452 1401 voluntatem
1467 1389 1476 1407 ‚
1502 1370 1566 1398 aut
1594 1359 1792 1413 diligenti-

1129 1432 1191 1457 am
1222 1417 1369 1457 habere
1400 1416 1576 1456 videatur
1603 1417 1789 1455 affinium.

1119 1478 1174 1516 ⁴Et
1193 1487 1280 1513 cum
1303 1473 1444 1513 affeetu
1463 1472 1642 1524 quodam,
1660 1484 1709 1511 ‚et
1727 1484 1794 1525 ge·

1127 1532 1224 1570 mitu
1239 1531 1336 1570 dixit
1348 1528 1497 1578 Laches,
1519 1528 1622 1581 quod
1636 1529 1702 1568 ille
1720 1529 1787 1576 ait,

1131 1587 1322 1640 Phidippe.
1379 1591 1429 1627 Et
1454 1586 1558 1624 bene
1586 1600 1607 1625 a
1629 1585 1792 1623 nomine

1131 1645 1273 1693 coepit,
1296 1654 1334 1680 vt
1357 1638 1575 1680 consentire
1595 1639 1794 1678 illividea-

1131 1709 1201 1736 tur.
1215 1699 1263 1737 Et
1273 1697 1516 1752 diligentiam,
1529 1696 1632 1748 quod
1650 1696 1715 1734 ille
1727 1696 1792 1744 ait,

1130 1753 1197 1792 Sin
1218 1757 1360 1800 metuis,
1380 1753 1479 1803 finit
1501 1767 1541 1792 vt
1561 1767 1655 1790 meae
1675 1754 1789 1797 domi,

1134 1808 1208 1850 iff'c.
1264 1812 1310 1850 Et
1328 1809 1488 1860 Wstram
1501 1809 1655 1851 melius,
1673 1821 1790 1859 quam

1138 1867 1282 1904 Tuam:
1309 1879 1428 1916 quum
1469 1866 1534 1904 ille
1570 1864 1711 1904 dixerit
1741 1864 1793 1903 de

1133 1920 1171 1961 se
1205 1933 1367 1960 tantum.
1425 1925 1472 1962 Et
1509 1920 1790 1975 benignitatem,

1133 1977 1240 2029 quod
1276 1979 1347 2025 ait,
1392 1979 1498 2018 Haut
1528 1977 1598 2017 tila·
1629 1978 1794 2025 concedo,

1133 2038 1195 2084 etsi
1219 2034 1272 2072 illi
1290 2046 1460 2087 pateres,
1479 2046 1522 2075 vt
1539 2048 1580 2074 tu
1593 2033 1700 2081 illam,
1715 2031 1794 2082 dyc.

1133 2090 1187 2129 Et
1206 2092 1437 2146 diligentiam
1455 2090 1621 2143 vestram,
1642 2104 1678 2130 et
1698 2090 1795 2129 beni-

1132 2148 1334 2203 gnitatem]
1376 2146 1539 2190 Α’πέέοσις
1574 2147 1620 2186 ad
1652 2157 1795 2185 vtrum-

1136 2217 1224 2256 que.
1284 2204 1568 2256 Diligentiam:
1615 2204 1705 2255 quia
1741 2202 1797 2243 di-

1136 2261 1203 2305 xit,
1224 2260 1265 2300 δι’
1282 2260 1534 2310 rnetux's,fiitis
1556 2273 1598 2298 vt
1616 2273 1713 2298 meae
1733 2260 1797 2297 do-

1136 2318 1186 2356 mi
1224 2328 1376 2355 curetur
1412 2315 1625 2372 diligenter.
1683 2315 1797 2355 Beni·

1166 2373 1344 2411 nitatem:
1377 2373 1468 2424 quia
1489 2374 1599 2419 dixit,
1623 2373 1729 2410 Haut
1749 2374 1795 2410 ti-

1136 2386 1174 2468 ῗὶ
1193 2428 1368 2476 concedo,
1398 2429 1536 2480 etfiilli
1557 2440 1664 2481 pater
1680 2442 1728 2476 es,
1753 2441 1794 2464 vt·

1138 2497 1180 2524 tu
1223 2483 1322 2523 illam
1360 2484 1503 2535 fiiluam
1541 2486 1661 2540 magis
1692 2482 1791 2531 velis,

1135 2553 1246 2596 quam
1270 2554 1344 2594 ego.
1406 2545 1443 2583 D

1190 2599 1238 2636 151
1261 2595 1543 2653 benignitatem]
1571 2595 1738 2636 Additur
1751 2596 1760 2634 i
1767 2609 1791 2633 n

1135 2651 1206 2692 Ms.
1236 2655 1276 2692 1³.
1308 2665 1347 2692 et
1373 2666 1458 2692 vett.
1482 2652 1571 2691 libb.
1595 2665 1701 2705 quum
1732 2667 1793 2690 cx·

1136 2707 1276 2748 hilzeln's
1317 2723 1405 2764 erga
1445 2722 1557 2748 meam
1586 2708 1790 2760 fhnuliam.

1136 2762 1199 2806 sed
1223 2766 1295 2805 alia
1313 2779 1443 2806 manu.
1499 2768 1541 2806 L.

1197 2902 1214 2913 x
