1875 3292
341 176 442 227 214

747 163 904 210 ACT.
937 161 992 206 V.
1025 156 1225 204 SCEN.
1254 157 1330 203 IX.

481 297 596 344 Ecce
615 309 701 346 me,
727 294 805 356 qui
827 290 874 339 id
894 289 1049 338 faciam
1070 283 1213 336 vobis.
1249 279 1337 332 ΑΕ.
1365 281 1460 337 tibi,
1481 290 1621 349 pater,
1634 297 1734 348 per·

584 370 801 417 mittimus
815 389 824 415 z

480 447 587 499 Plus
622 446 697 493 scis
736 444 844 510 quid
877 440 994 491 fatto
1024 457 1139 506 opus
1171 437 1247 486 est.
1285 436 1357 486 sed
1392 436 1447 484 de
1474 435 1609 484 fratre
1629 433 1739 500 quid
1796 464 1802 467 -

590 518 697 574 fiet?
735 519 840 570 DE.
878 519 994 576 sino3

319 602 321 604 ’
384 597 458 664 ²450
489 599 692 657 Habeat3
738 600 786 645 in
819 596 918 644 istac
959 593 1097 643 finem
1133 594 1272 642 faciat.
1309 587 1419 640 ΑΕ.
1457 588 1566 639 istuc
1603 584 1741 638 reste.

591 678 660 723 Ω.
709 672 923 724 Plaudite.

605 768 1056 817 CALLIOPIVS
1109 738 1500 813 RECENSVI.

414 885 467 932 38
500 874 600 924 Tibi,
621 885 742 927 pater,
754 870 1030 926 permittimus]

344 935 497 977 ‘Noluit
513 931 728 974 Terentius
758 928 805 968 ab
824 926 1032 978 {amoribus

359 991 535 1032 filiorum
556 998 751 1042 perpetuo
764 982 958 1037 repulsum
969 998 1034 1038 pa·

360 1060 474 1089 trem.
532 1049 582 1087 D,

422 1117 475 1158 39
502 1102 608 1142 Sino.
639 1100 784 1144 habeat.
815 1101 854 1139 in
885 1097 971 1150 zstac
987 1094 1034 1149 fi-

361 1175 447 1203 nem
458 1159 603 1214 faciat]
634 1160 749 1198 Haec
766 1156 929 1209 quidem
949 1168 1032 1207 per-

363 1218 491 1258 miffio
513 1214 589 1257 est:
613 1213 676 1255 sed
694 1225 735 1254 et
754 1214 1038 1265 exceptionem

363 1276 409 1316 in
437 1273 476 1315 se
506 1274 704 1314 continet:
745 1282 784 1311 et
823 1284 914 1310 cum
944 1281 1038 1320 quo-

364 1331 458 1373 dam
476 1329 685 1376 stomacho
707 1339 749 1368 et
765 1328 870 1368 velut
892 1325 1038 1366 minaci

301 1421 303 1424 .
366 1388 682 1430 denunciatione
706 1384 916 1438 profertur.
942 1387 995 1425 D.

426 1445 553 1487 Nostri
580 1456 716 1483 omnes
747 1442 863 1494 paulo
883 1440 1037 1487 meiius,

368 1498 869 1555 Plussffisquidopusfiuflo
883 1496 942 1549 est.
973 1498 1012 1535 B.

428 1572 484 1612 40
534 1560 580 1598 In
617 1556 703 1609 zstac
743 1554 857 1607 finem
889 1551 1039 1607 finiat]

367 1618 460 1658 Hoc
479 1614 544 1663 est,
570 1625 636 1653 aut
657 1626 711 1652 ne
723 1613 836 1650 aliam
848 1620 964 1654 amet,
977 1619 1041 1647 aut

367 1685 427 1714 :ne
444 1672 604 1711 alteram
632 1676 857 1719 comparetz
883 1678 938 1705 ne
957 1661 1041 1714 post

370 1727 482 1769 istam
494 1727 712 1767 luxurietur
724 1723 896 1763 vlterius.
947 1720 1043 1774 Istuc

311 1816 317 1823 .
371 1785 487 1834 rec‘ie]
520 1787 644 1824 Bene.
712 1784 762 1822 Et
797 1780 922 1822 Micio
958 1789 1043 1817 non

371 1839 540 1882 discessit
559 1839 611 1879 de
630 1836 827 1892 propofito
860 1833 941 1883 suo,
976 1833 1046 1887 qui

371 1909 417 1939 vt
435 1894 610 1951 peccasse
630 1897 724 1935 alias
744 1888 1049 1934 ostender-etsta-

369 1965 479 1997 srem
511 1954 562 1993 ob
593 1953 755 1994 nimiam
792 1948 1047 2002 asperitatem,

373 2025 466 2053 cum
493 2011 736 2063 exceptione
762 2006 931 2059 quadam
961 2005 1049 2044 iau-

373 2069 478 2109 dans
495 2067 613 2109 verba
633 2067 748 2115 eius„
761 2063 855 2117 Istuc
878 2063 972 2103 rec‘te
989 2061 1045 2100 di-

376 2127 446 2167 xit.
525 2123 643 2177 Quasi
680 2122 848 2167 diceret,
886 2131 962 2160 non
1003 2131 1048 2157 vt

377 2196 544 2223 caetera:
586 2191 625 2222 et
651 2178 764 2219 fimul
801 2174 972 2230 reposuit
997 2175 1048 2224 ei,

377 2239 449 2292 qui
469 2236 580 2292 supra
599 2237 750 2277 dixerat
761 2265 783 2280 ,.
793 2239 844 2275 Vt
862 2233 902 2274 id
924 2232 1049 2273 osten-

376 2298 529 2343 derem,
551 2293 656 2348 quod
678 2303 717 2334 te
734 2290 792 2333 isti
813 2291 983 2337 facilem,
1012 2299 1052 2329 et

379 2352 563 2393 festiuum
594 2361 757 2404 putant,
787 2348 828 2388 id
857 2361 938 2388 nou
965 2345 1051 2386 fieri

381 2422 435 2448 ex
467 2421 558 2448 vet-a
585 2408 682 2457 vita,
718 2418 853 2459 neque
881 2404 981 2445 adeo
1002 2415 1052 2443 ex

380 2477 513 2516 aequo
532 2474 571 2503 et
588 2463 708 2511 bono,
730 2473 803 2504 etc.
860 2464 909 2503 D.

441 2522 489 2561 In
517 2520 601 2571 1stnc
627 2519 739 2571 finem
757 2519 909 2573 faciat]
941 2516 1054 2570 Opti-

384 2590 451 2617 me
473 2577 645 2625 monuit,
679 2587 719 2615 vt
739 2576 836 2616 haec
856 2575 969 2615 venia
989 2574 1053 2613 de-

1082 880 1143 910 tur
1159 868 1370 923 praeterito
1394 865 1547 907 demo.
1567 864 1684 905 etiam
1696 862 1748 905 de

1082 927 1218 967 futuro
1249 937 1398 965 terrere
1434 923 1608 969 videtur,
1641 932 1677 961 vt
1703 922 1749 961 in

1083 985 1143 1025 his
1165 980 1436 1023 meretricibus
1456 979 1542 1032 (hac
1560 981 1750 1019 meretrice

1082 1044 1146 1092 Z.)
1191 1038 1312 1080 finem
1352 1037 1577 1077 luxuriandi
1620 1034 1749 1076 faciat.

1082 1097 1271 1149 Denique
1292 1097 1345 1135 ita
1363 1094 1538 1134 laudatus
1560 1091 1626 1142 est,
1660 1091 1752 1142 istuc

1085 1156 1203 1197 νεὲἶες
1230 1151 1335 1206 quod
1365 1162 1404 1191 et
1435 1151 1588 1192 reniam
1617 1147 1753 1189 tribui·

1085 1212 1152 1260 sti,
1185 1221 1225 1251 et
1251 1208 1505 1253 admonuisti,
1536 1220 1590 1246 ne
1616 1215 1754 1258 peccet

1087 1269 1273 1320 amplius,
1314 1265 1406 1305 istuc
1447 1264 1551 1304 1·e5‘te
1588 1263 1752 1302 videtur.

1087 1328 1242 1365 Tamen
1266 1322 1370 1375 quasi
1392 1321 1582 1373 quaedam
1593 1319 1752 1360 aniiffio-

1089 1395 1144 1423 ne
1179 1380 1477 1434 praeteritorum
1518 1388 1558 1418 et
1586 1378 1756 1431 (Tamen
1798 1394 1799 1400 ¹

1090 1438 1201 1494 quasi
1243 1437 1404 1491 quadam
1449 1448 1530 1475 cum
1570 1431 1756 1489 omiffione
1821 1459 1845 1474 μ

1088 1491 1444 1548 praeteritorumest
1465 1494 1524 1544 Z.)
1545 1490 1758 1544 reprehen-

1089 1553 1155 1601 fio,
1173 1562 1211 1591 vt
1231 1562 1383 1591 caetera
1403 1550 1468 1589 illa
1485 1562 1587 1601 quae
1607 1545 1760 1601 persua-

1089 1607 1180 1648 serit
1203 1609 1304 1648 reeia
1324 1620 1408 1644 non
1438 1602 1516 1645 effe
1541 1605 1756 1652 videantur,

1092 1665 1158 1705 vel
1183 1665 1226 1702 in
1252 1658 1481 1701 manumifl'o
1513 1658 1625 1700 seruo
1648 1662 1759 1713 Syro,

1094 1721 1156 1760 vel
1172 1721 1213 1758 in
1234 1717 1457 1758 libertatem
1477 1716 1563 1756 data
1583 1717 1760 1765 muliere,

1096 1777 1157 1817 vel
1177 1777 1219 1816 in
1239 1788 1405 1815 munere
1423 1775 1652 1828 Hegionem
1663 1773 1761 1815 tradi

1096 1834 1176 1886 (vel
1208 1835 1247 1873 in
1275 1830 1447 1873 libertate
1482 1832 1570 1871 data
1602 1832 1762 1877 mulieri,

1097 1890 1157 1930 vel
1181 1891 1223 1930 in
1252 1902 1400 1928 munere
1418 1889 1587 1943 Hegioni
1613 1888 1762 1928 tradito

1095 1949 1182 2000 Z),
1210 1946 1274 1985 vel
1309 1947 1349 1985 in
1377 1943 1570 1995 suafione,
1608 1955 1649 1985 vt
1679 1941 1766 1997 ipse-

1096 2017 1261 2044 vxorem
1281 2002 1452 2052 duceret,
1485 2014 1524 2042 vt
1541 2000 1616 2041 hoc
1638 2002 1764 2053 (duce-

1098 2074 1170 2102 ret.
1204 2061 1329 2117 Igitur
1339 2073 1379 2099 vt
1393 2059 1534 2112 bocz.)
1548 2059 1763 2108 confilium,

1099 2117 1206 2170 quod
1226 2130 1333 2158 nunc
1352 2116 1497 2156 dietum
1518 2115 1583 2165 est,
1605 2118 1653 2156 'in
1676 2114 1765 2168 'flac

1091 2174 1361 2229 finemfhciat‚
1391 2170 1512 2212 solum
1534 2173 1658 2216 Micio
1685 2173 1766 2212 lau·

1102 2229 1206 2272 dasse
1229 2230 1424 2279 videatur,
1453 2229 1570 2277 dixit,
1598 2230 1691 2283 rstuc
1712 2243 1774 2279 req

1100 2291 1178 2337 323
1226 2299 1416 2340 tauquam
1448 2284 1645 2340 superiora
1681 2299 1767 2326 non

1101 2347 1218 2387 refie.
1273 2347 1317 2388 E.

1158 2457 1291 2502 Verba
1310 2456 1407 2512 Istuc
1428 2459 1538 2508 reae,
1567 2458 1671 2498 reue
1688 2460 1768 2498 Do-

1102 2526 1216 2556 natus
1242 2516 1412 2557 Micioni
1451 2514 1662 2555 tribuenda
1687 2511 1766 2553 effe

1104 2573 1307 2613 existimat.
1362 2576 1403 2614 B.

385 2654 497 2698 ΛΗ...
527 2651 648 2693 DON.
681 2651 727 2687 V.
749 2650 796 2690 C.
823 2647 1085 2689 ORATORIS
1106 2646 1247 2687 VRBIS
1270 2647 1454 2688 ROMAE
1475 2646 1767 2690 COMMENT.

570 2716 631 2748 m
662 2707 923 2750 TERENTI
953 2715 1267 2747 ADELPuos
1301 2714 1574 2745 umam-r.

1661 2772 1771 2802 FRI·
