1875 3308
631 213 930 260 ADELPH.

1353 221 1443 269 105

218 344 365 397 Quem
387 340 506 388 fratri
532 341 830 406 adoptandum
852 333 1016 387 dedisti.
1038 350 1181 398 neque
1201 333 1322 387 boni,

213 421 377 481 Neque
398 416 584 463 liberalis
608 414 786 464 funfius
809 410 1004 461 officium
1025 408 1085 456 est
1105 411 1202 458 viri.

216 489 319 541 DE.
356 492 476 548 Quid
495 490 600 539 istuc
620 490 708 539 est?
747 486 797 536 H
810 504 847 536 Ε.
890 485 1087 534 nostrum
1109 486 1298 531 amicum
1319 502 1448 532 noras

317 568 547 619 Simulum,

122 660 185 694 πο
220 647 366 707 Atque
388 639 642 706 aequalem?
677 639 779 689 DE.
828 636 1014 705 quidni?
1052 631 1159 682 HE·
1195 631 1328 681 filiam
1357 635 1450 682 eius

317 721 534 779 virginem

220 794 419 842 Vitiauit.
463 792 565 841 DE.
603 790 734 842 hem!
769 785 874 838 HE.
910 790 1064 842 m'ane3
1103 784 1304 833 nondum
1335 784 1454 832 audi-

319 867 384 922 sti,
414 872 596 921 Demea,

89 1086 182 1141 quia
208 1083 337 1138 filius.-
388 1087 479 1138 quia
512 1089 630 1126 maior
667 1082 747 1125 est:

91 1145 182 1196 quia
210 1141 426 1194 Aeschinus,
461 1142 486 1181 fi
513 1142 608 1194 quid
634 1140 687 1181 est
706 1142 748 1181 in

92 1197 173 1252 ipso
192 1199 355 1238 nomine
371 1199 550 1238 caritatis:
578 1199 666 1249 quia
678 1195 748 1236 fra-

94 1255 158 1295 tris
184 1254 408 1307 adoptiuus:
445 1256 532 1306 quia
564 1252 675 1293 bonus
712 1263 750 1293 et

93 1309 283 1351 liberalis.-
311 1323 349 1350 et
368 1322 498 1349 contra
524 1309 637 1356 haec,
668 1309 753 1360 qui-

95 1365 167 1406 bus
185 1365 355 1405 laudatus
375 1365 440 1413 est,
462 1365 564 1405 fecit.
619 1367 667 1405 D.

150 1422 284 1460 Maior
302 1420 405 1473 filius
430 1434 518 1460 tuus
535 1419 752 1470 Aeschinus]

96 1478 203 1518 Hinc
244 1479 408 1516 narratio
442 1476 580 1527 incipit
608 1471 751 1514 accusa-

99 1533 226 1580 tionis,
253 1534 291 1572 in
318 1546 391 1583 qua
412 1533 529 1570 multa
547 1530 678 1569 denuo
701 1531 754 1568 di—

98 1599 258 1634 cuntur,
289 1601 366 1640 quo
388 1587 535 1627 facilius
558 1599 643 1625 reus
661 1599 753 1624 con-

98 1643 198 1684 stimi
221 1643 340 1695 possir.
379 1645 477 1682 Nam
494 1642 636 1681 diulum
647 1639 752 1692 quod

97 1701 216 1739 maior
228 1697 341 1752 filius,
358 1711 408 1738 ne
424 1698 518 1736 alius
532 1694 753 1750 sentiretur:

99 1754 240 1796 dietum
263 1766 301 1793 et
324 1765 466 1792 nornen
478 1753 675 1806 proprium
687 1755 752 1792 Ae-

91 1811 264 1864 fibinus:
309 1810 450 1851 elifium
494 1809 612 1848 etiam
658 1807 754 1847 illud

103 1867 207 1920 quod
229 1867 408 1918 contigit,
438 1868 502 1919 qui
525 1864 653 1917 fratri
671 1864 753 1903 ado-

99 1923 258 1976 ptandus
275 1923 382 1962 datus
399 1921 455 1971 est.
493 1923 550 1960 Ex
563 1920 619 1959 his
632 1921 757 1959 omni·

107 1978 176 2017 bus
209 1980 313 2018 enirn
337 1977 440 2030 ligna
464 1975 642 2016 dominus
664 1974 758 2015 sum-

106 2031 219 2080 serat,
251 2033 307 2073 ille
334 2034 422 2086 quid
439 2033 566 2084 ficit?
602 2031 759 2073 Deinde

105 2086 248 2128 summa
262 2089 491 2142 generaliter
505 2089 756 2140 proponitur:

108 2144 241 2198 Neque
258 2147 354 2190 boni,
376 2157 483 2198 neque
493 2142 654 2184 Iaberalis
662 2144 760 2196 fun-

108 2199 184 2238 Rus
205 2199 251 2253 est
275 2200 427 2253 offitium
456 2201 542 2239 viri.
601 2200 761 2240 Deinde

110 2255 284 2307 adiungit
308 2253 493 2308 personae
514 2256 760 2296 commenda·

111 2313 260 2350 tionem
280 2313 379 2355 eius.
408 2313 513 2351 cuius
535 2310 612 2350 filia
633 2313 762 2349 vitiata

111 2366 177 2405 est.
234 2367 389 2409 Deinde
413 2366 621 2422 propositio
641 2367 764 2405 crimi-

112 2423 183 2469 nis,
191 2422 316 2462 Faiam
326 2425 398 2462 eius
406 2423 584 2478 uirginem
595 2425 762 2462 uitiauit.

111 2479 300 2528 Quamuis
319 2491 398 2517 non
418 2478 489 2519 hoc
514 2478 764 2518 intendebat:

112 2546 193 2573 non
207 2536 309 2574 enim
330 2533 590 2586 fufiiquaestio
602 2534 666 2577 est.
696 2537 738 2574 E.

174 2602 223 2642 17
265 2591 395 2642 Neque
425 2587 528 2635 bom]
567 2590 681 2640 Quafi
725 2588 763 2628 id

113 2647 217 2696 quod
237 2645 298 2690 est,
320 2647 412 2685 velit
432 2646 536 2697 quod
555 2643 632 2685 efl'e
649 2645 767 2684 debet

112 2703 249 2752 (forie
271 2703 334 2754 leg
373 2701 472 2755 Qia
490 2704 520 2740 is
535 2701 686 2753 prodest,
710 2699 770 2740 vel

109 2757 271 2810 prodeffe
281 2758 394 2799 debet.
417 2755 477 2800 Cs.
488 2757 533 2796 ad
545 2770 576 2796 v.
590 2770 651 2811 30.
661 2762 687 2809 ).
717 2759 765 2798 D.

1316 932 1456 991 Quod

853 1089 902 1132 18
945 1082 1077 1136 Neque
1112 1078 1274 1120 liberalis
1299 1076 1456 1130 fiendas

795 1139 845 1191 est
865 1139 1022 1194 officium
1050 1136 1144 1184 viri]
1174 1134 1458 1187 Quaerendum

798 1197 900 1235 inter
928 1195 1064 1235 bonum
1091 1204 1131 1232 et
1156 1189 1340 1231 liberalem
1361 1188 1460 1241 quid

799 1251 956 1292 interfit.
1011 1255 1074 1291 An
1095 1249 1211 1288 bonus
1222 1247 1286 1294 est,
1297 1246 1458 1298 quinon

801 1309 947 1352 nocet?
991 1304 1195 1351 Liberalis,
1235 1303 1302 1354 qui
1340 1302 1459 1341 etiam

801 1360 986 1416 prodest‘‚²
1015 1368 1078 1404 An
1111 1363 1247 1405 bonus,
1278 1358 1344 1409 qui
1375 1370 1458 1397 non

802 1429 937 1471 peccat
957 1419 997 1456 in
1024 1416 1147 1459 fauo?
1174 1413 1360 1462 liberalis,
1391 1413 1460 1464 qui

803 1486 878 1512 nec
898 1473 1020 1512 verbo
1040 1471 1227 1524 quidem?
1284 1472 1319 1510 D

855 1529 1017 1571 Func‘tus
1047 1526 1224 1582 offi'cium]
1255 1528 1305 1566 V.
1325 1524 1371 1567 C.
1404 1522 1462 1577 of·

793 1583 898 1637 ficio.
954 1588 996 1625 L.

857 1707 921 1737 20
973 1694 1168 1746 aequalem
1185 1687 1238 1745 ἲ]
1293 1688 1462 1735 ὀμιῖλικη.

801 1749 947 1804 Quidni
955 1750 988 1804 ?]
1002 1751 1089 1790 Plus
1101 1747 1156 1788 est
1164 1746 1334 1799 Quidni?
1347 1759 1464 1797 quam

806 1808 1014 1846 Noueram.
1048 1819 1138 1845 nam
1168 1803 1271 1855 quasi
1304 1804 1464 1854 corripit

805 1863 1069 1909 dubitantem,
1098 1859 1266 1899 dicendo
1287 1858 1465 1912 Qidni?

804 1930 842 1958 vt
862 1917 1121 1964 subaudiatur,
1153 1917 1346 1955 Nouerim.
1403 1914 1467 1955 Fi-

804 1976 894 2015 liam
913 1976 989 2014 eius
1009 1975 1188 2028 virginem
1207 1972 1378 2013 vitiauit]
1398 1972 1467 2011 Vi·

807 2032 876 2071 des
897 2041 1084 2082 quantum
1108 2028 1391 2075 valeatiniuria,
1405 2025 1468 2066 vel

808 2088 974 2140 dignitas
1031 2081 1294 2137 personarum.
1375 2085 1467 2122 Non

809 2154 1014 2183 contentus
1049 2140 1243 2187 facinore,
1286 2135 1468 2189 personas

809 2198 968 2239 credidit
990 2208 1079 2236 ante
1096 2193 1384 2247 proponendas.
1419 2195 1469 2234 D.

861 2253 959 2294 Illud
979 2256 1100 2304 Atque
1127 2250 1252 2292 Bentl.
1281 2246 1468 2301 superiori

810 2307 934 2350 versui
954 2306 1138 2359 apposuit.
1191 2310 1231 2346 Z.

867 2377 917 2406 21
951 2363 1095 2416 [lenm]
1123 2361 1342 2402 Interieffio
1364 2372 1470 2399 nunc

814 2420 867 2460 est
886 2421 987 2466 irati,
1016 2431 1051 2458 et
1070 2418 1122 2456 est
1148 2418 1229 2455 irati
1258 2416 1469 2455 vehemen-

815 2489 890 2516 ter:
921 2477 1067 2526 quippe
1099 2475 1160 2524 qui
1193 2472 1294 2512 aliud
1317 2485 1472 2512 nouum

816 2531 1006 2576 audiebat,
1027 2542 1176 2580 praeter
1195 2529 1352 2568 crimina
1372 2540 1473 2579 quae

817 2587 965 2628 sciebat.
1024 2589 1074 2627 D.

870 2642 1046 2682 Nondum
1055 2640 1197 2693 audisti,
1214 2641 1360 2687 Demea,
1374 2638 1472 2690 quod

818 2699 863 2752 est
879 2696 1147 2755 grauifflmum]
1166 2698 1267 2738 Dicit
1282 2697 1354 2735 hoc
1366 2693 1474 2744 quod

924 2757 959 2794 G
991 2767 1011 2806 5
1362 2752 1472 2803 virgo
