1875 3292
424 197 488 247 32

822 181 981 228 ACT.
1014 181 1046 226 Ι.
1092 179 1292 225 SCEN.
1327 179 1380 228 11.

555 307 613 361 Μ
627 323 661 357 1.
699 312 800 357 Nec
821 308 955 362 nihil,
993 323 1137 372 neque
1159 308 1307 354 omnia
1328 305 1436 356 haec
1458 306 1570 363 sunt,
1603 324 1716 374 quae
1737 308 1803 359 di·

661 387 719 432 cit
732 402 743 441 3
781 397 926 431 tamen

555 465 669 512 Non
693 461 803 508 nihil
825 457 1003 508 molesta
1024 459 1131 506 haec
1151 459 1250 506 sunt
1271 458 1408 506 mihi:
1443 459 1514 507 sed
1533 459 1765 512 ostendere

555 539 637 584 Me
661 552 790 598 aegre
811 538 902 602 pati
926 535 1003 589 illi,
1025 536 1165 582 nolui.
1207 552 1310 582 nam
1333 529 1440 582 ita'st
1450 535 1590 585 homo
1611 556 1622 585 t

560 617 716 667 Quum
736 612 876 676 placo,
898 610 1104 658 aduorsor
1127 611 1275 658 sedulo
1298 622 1343 657 et
1364 611 1588 660 deterreo:

459 693 525 755 65
560 693 737 736 Tamen
759 690 828 736 vix
851 688 1044 735 humane
1062 689 1253 753 patitur:
1291 703 1449 737 verum
1472 685 1503 735 fi
1527 705 1724 752 augeam,

425 911 571 954 fertur:
597 909 754 952 o’usevror’
771 908 901 953 ἃληθές
929 906 1010 948 ἕδὲν
1035 904 1092 948 ἔθ’

423 969 485 1015 ὖιῷ
519 967 633 1013 κατ-τὶς
670 963 792 1006 §mersu
827 971 993 1014 ἀπειλεῖν,
1035 964 1093 1008 ἔτ’

423 1027 504 1074 ὖςῶν
539 1029 685 1072 ἐρωμένῃ.
740 1024 807 1061 W.
870 1071 872 1074 Ι

478 1085 529 1124 61
561 1081 645 1120 Nec
670 1077 784 1129 nihil]
815 1081 991 1129 Apparet
1012 1079 1090 1133 Te-

423 1139 591 1178 rentium
611 1135 748 1176 fauere
767 1134 964 1174 leniffimis
976 1135 1088 1187 patri-

422 1194 518 1234 bus:
550 1193 653 1232 vnde
666 1189 828 1230 subiecit
842 1190 959 1230 etiam
973 1193 1088 1230 ratio-

424 1263 519 1291 nem
546 1248 634 1289 faffl
652 1248 828 1289 Micioni.
887 1245 1017 1297 Nihil,
1050 1261 1086 1287 et

425 1305 611 1353 nonnihil]
636 1308 739 1346 Nota
756 1303 881 1357 figura
900 1301 964 1351 est,
995 1317 1083 1343 con-

424 1364 594 1404 ueniens
611 1359 866 1414 placidiffimo
886 1357 992 1406 seni,
1018 1360 1085 1412 qui

422 1421 467 1461 in
486 1415 820 1472 reprehendendo
839 1414 1087 1456 adolescente

422 1475 642 1518 moderatus
675 1473 740 1513 est.
793 1473 926 1525 Neque
962 1475 1086 1512 omnia

424 1532 511 1574 haec
530 1531 626 1583 fiant
653 1544 744 1584 quae
776 1529 882 1582 dicit]
922 1531 1031 1569 Bene
1064 1544 1087 1569 a

424 1590 604 1637 Micione
631 1586 705 1626 hoc
734 1585 895 1625 dicitur:
922 1587 1011 1636 quia
1028 1586 1087 1625 in-

424 1643 684 1698 dulgentioris
703 1642 755 1680 est
773 1643 884 1693 plura
902 1637 1017 1681 scire:
1046 1652 1087 1680 et

425 1700 536 1752 supra
557 1699 664 1747 dixit,
687 1700 740 1738 Ea
759 1712 802 1736 ne
819 1710 874 1735 me
891 1696 990 1743 celet,
1003 1711 1084 1736 con·

415 1753 714 1817 spqfecifilium.
782 1756 830 1793 Et
866 1751 928 1791 hic
957 1750 1086 1792 sensus

426 1813 503 1855 est:
550 1815 633 1852 Nec
668 1809 962 1849 contemnenda
998 1807 1086 1849 sunt

427 1882 532 1922 quae
551 1868 654 1916 dicit,
679 1879 752 1906 nec
773 1867 903 1904 omnia
923 1866 1016 1905 dicit
1036 1877 1083 1905 ta-

426 1939 533 1968 men.
589 1926 675 1964 Hoc
696 1923 766 1970 est,
794 1936 878 1961 non
905 1919 981 1962 sola
998 1920 1087 1961 sunt

425 1996 528 2035 quae
547 1980 651 2028 dicit,
676 1976 739 2018 sed
760 1979 877 2018 multa
895 1979 979 2018 alia.
1037 1982 1086 2019 Et

426 2039 524 2079 ordo
549 2036 622 2085 est,
660 2038 798 2086 Neque
826 2045 957 2074 tamen
989 2033 1084 2074 haee

428 2094 532 2149 quae
550 2094 654 2140 dicit,
677 2090 759 2131 sunt
778 2091 922 2130 omnia.
977 2093 1026 2132 D.

486 2151 566 2190 Nec
596 2148 706 2200 nihil]
734 2147 894 2197 Λιθὸτης,
922 2161 993 2200 pro
1023 2148 1087 2187 ali-

428 2207 536 2261 quid.
591 2209 633 2247 E.

484 2263 600 2305 Reue
620 2261 783 2302 Daceria
804 2259 851 2299 ab
881 2258 956 2299 hoc
977 2257 1085 2299 versu

428 2333 573 2359 nouam
583 2321 746 2359 Scenam
759 2315 963 2356 constituit.
986 2318 1086 2356 Nam

430 2376 630 2428 postquam
655 2376 807 2413 Demea
837 2373 1010 2413 exceffit:
1037 2371 1085 2411 so·

429 2434 487 2471 lus
508 2433 628 2471 Micio
660 2428 782 2469 secum
810 2429 1006 2481 loquitur,
1036 2439 1086 2476 er,

429 2501 483 2527 ne
506 2485 731 2538 speciatores
751 2485 1087 2539 nimiaindulgen-

429 2544 481 2582 tia
507 2541 765 2589 offendantur,
785 2539 865 2594 ipse
876 2542 1088 2594 reprehen-

428 2598 486 2638 dit
506 2613 632 2636 mures
655 2598 730 2643 filii,
755 2609 794 2636 et
814 2598 919 2637 iimul
940 2597 1086 2638 aditum

428 2656 609 2707 patefacit
639 2655 684 2692 ad
712 2655 949 2707 reliquorum
976 2655 1087 2696 intel·

428 2712 642 2765 ligantiam.
700 2713 740 2751 Z.

1707 769 1802 815 Aut

1196 910 1252 953 62
1283 907 1478 949 Nonnihil
1493 908 1659 961 molesta}
1685 911 1802 953 Placi-

1141 964 1289 1005 dissime
1306 966 1386 1006 Nec
1405 966 1623 1006 nihzldixit:
1646 978 1685 1007 et
1696 968 1803 1009 Non-

1140 1021 1238 1061 nihil
1256 1023 1391 1062 maluit
1403 1035 1593 1075 repetere,
1613 1036 1727 1075 quam
1739 1038 1802 1066 ve-

1140 1078 1352 1117 hementer
1377 1080 1615 1119 iracundiam
1635 1080 1802 1121 demon·

1137 1133 1265 1174 strare.
1294 1135 1349 1174 est
1369 1137 1474 1176 enim
1497 1136 1615 1175 altera
1631 1134 1798 1182 διπλόης.

1138 1191 1330 1230 Nonnihil
1337 1191 1479 1244 molesta
1491 1191 1677 1244 haecfimt
1686 1193 1799 1248 miht]

1135 1249 1298 1300 Optime
1318 1251 1435 1289 Poeta
1459 1250 1678 1289 Micionem
1708 1249 1800 1290 fecit

1137 1315 1394 1344 commotum:
1439 1317 1492 1343 ne
1531 1307 1643 1358 (nam
1680 1309 1743 1359 Z.)
1770 1305 1799 1347 fi

1137 1362 1302 1400 omnino
1336 1360 1549 1400 immobilis
1576 1358 1688 1412 effer,
1713 1376 1799 1403 non

1137 1416 1348 1471 indulgere
1375 1416 1561 1469 adoptiuo
1588 1416 1689 1469 filio,
1731 1416 1800 1460 sed

1138 1474 1304 1513 omnino
1328 1486 1420 1513 eum
1438 1486 1520 1513 non
1541 1487 1673 1514 curare
1695 1475 1800 1516 vide-

1137 1542 1252 1569 retur.
1311 1533 1418 1584 Ergo
1439 1529 1487 1569 fic
1505 1531 1547 1570 in
1567 1543 1658 1571 eum
1678 1529 1800 1573 seruat

1135 1585 1332 1638 placidum
1363 1587 1559 1635 animum,
1594 1599 1634 1627 vt
1663 1599 1797 1628 tamen

1135 1643 1302 1680 retineat
1332 1643 1452 1694 patris
1475 1641 1668 1683 affeetum.
1725 1644 1800 1684 Sed

1137 1697 1319 1749 ostendere
1340 1712 1396 1737 me
1417 1703 1540 1753 aegre]
1568 1698 1728 1741 Constat
1737 1714 1800 1741 er·

1136 1768 1200 1807 gu,
1220 1767 1325 1808 aegre
1343 1758 1438 1807 pati.
1478 1758 1578 1796 Nam
1590 1757 1701 1797 aliter
1711 1770 1796 1799 non

1136 1821 1215 1849 erat
1234 1824 1385 1862 parens.
1437 1813 1487 1851 D.

1188 1866 1258 1907 Sed
1275 1865 1467 1917 ostendere,
1489 1880 1545 1906 me
1563 1872 1689 1924 agere]
1715 1869 1795 1911 Sed

1134 1921 1308 1962 simulate
1346 1937 1441 1977 ago:
1481 1925 1572 1975 quia
1607 1924 1631 1964 fi
1670 1923 1797 1967 fratris

1134 1978 1372 2019 iracundiam
1393 1981 1579 2030 iuuarem,
1612 1983 1795 2034 protinus

1134 2033 1333 2075 insaniret.
1390 2040 1432 2078 E.

1189 2095 1239 2146 63
1283 2091 1363 2147 Illi]
1418 2093 1598 2131 Demeae
1640 2091 1792 2135 scilicet.

1136 2152 1217 2190 Aut
1235 2147 1327 2196 Illic,
1349 2148 1388 2188 id
1401 2148 1466 2193 est,
1486 2147 1551 2195 ibi,
1570 2149 1794 2193 vbiDemea

1137 2204 1322 2251 litigabat.
1382 2206 1484 2243 Nam
1509 2207 1563 2243 ita
1589 2205 1637 2257 est
1667 2207 1792 2263 bomo]

1137 2263 1259 2302 Homo
1278 2261 1600 2301 dixitmoraliter:
1625 2261 1672 2301 fic
1685 2265 1794 2304 enim

1139 2317 1189 2356 de
1212 2319 1255 2356 iis
1278 2318 1458 2365 dicimus,
1488 2330 1582 2368 quos
1602 2332 1716 2370 parce
1735 2333 1795 2359 re-

1137 2373 1427 2426 prehendimus.
1449 2373 1601 2421 vtalibi,
1619 2375 1671 2415 Vt
1681 2375 1793 2416 homo

1136 2431 1193 2482 est,
1215 2431 1269 2470 ita
1288 2443 1422 2469 morem
1466 2443 1557 2469 cras.
1613 2432 1664 2471 D.

1189 2489 1246 2539 64
1273 2485 1430 2540 Qamp
1447 2491 1526 2538 aco]
1544 2486 1587 2527 ld
1600 2486 1794 2539 est‚quum

1138 2543 1227 2582 volo
1249 2543 1412 2593 placare.
1470 2543 1519 2581 D.

1190 2597 1316 2653 Qum
1329 2597 1453 2651 placo,
1475 2597 1669 2653 aduorfhr]
1699 2598 1794 2638 Dio·

1134 2656 1237 2695 med.
1258 2654 1323 2694 lib.
1350 2667 1382 2695 l.
1436 2657 1476 2694 L.

1189 2714 1241 2763 65
1274 2711 1412 2755 Verum
1424 2710 1634 2768 fiaugeam]
1661 2715 1793 2763 Argu-

1683 2780 1794 2808 meu·

1873 2608 1875 2626 A

1872 2630 1875 2639 A
