1891 3308
533 184 620 229 IN
658 185 1056 234 ADELPHOS.
1099 159 1106 166 ’
1444 209 1474 258 9

143 327 206 361 20
242 314 450 367 Quorum
470 330 605 377 opera
627 315 671 359 in
689 313 819 366 bello,
845 316 891 361 in
916 318 1020 368 oti0,
1045 318 1087 363 in
1113 323 1308 380 negotio,

238 391 329 435 Suo
353 389 531 452 quisque
553 401 754 453 tempore
781 389 876 436 vsns
899 391 958 437 est
981 390 1068 438 sine
1092 393 1304 458 superbia.

237 460 418 513 Dehinc
438 482 494 512 ne
518 462 766 529 exspestetis
783 479 1102 528 argumentum
1123 470 1316 518 fabulae:

236 542 371 586 Senes
393 543 469 604 qui
491 541 625 605 primi
647 543 837 594 venient,
862 543 889 588 ii
917 555 1086 607 partem
1105 549 1316 611 aperient,

235 617 290 661 In
314 616 486 677 agendo
507 627 676 681 partem
700 615 941 665 ostendent.
980 620 1127 674 facite,
1161 627 1472 688 aequanimitas

139 707 200 755 ας
234 691 391 739 Poetae
412 693 466 740 ad
487 691 762 740 scribendum
786 705 941 756 augeat
960 696 1231 746 industriam.

194 838 466 894 ACTVS
527 839 745 893 PR1M1
803 841 1058 895 SCENA
1116 847 1377 905 PRIMA.

658 933 906 976 MICIO.
1062 936 1064 938 ’

230 1062 297 1179 S
318 1087 349 1115 τ
371 1086 399 1117 o
419 1088 447 1115 R
472 1088 498 1115 A
520 1088 563 1118 x.
603 1089 698 1121 non
731 1072 863 1122 rediit
890 1073 971 1123 hac
1003 1072 1137 1124 noue
1168 1095 1192 1125 a
1226 1096 1362 1129 coena
1382 1086 1471 1131 Ae-

433 1146 605 1196 schinus
618 1147 638 1196 ?

108 1368 113 1376 ·
151 1359 208 1389 20
235 1347 281 1387 In
303 1345 411 1403 bello]
447 1350 649 1401 Scipionis.
710 1352 758 1393 In

97 1404 197 1458 otio]
236 1406 339 1444 Furii
371 1407 428 1445 Pii
461 1406 642 1459 (Publii).
712 1409 758 1448 In

95 1460 266 1516 negotio]
297 1462 451 1502 Scilicet
462 1464 585 1503 Laelii
597 1465 755 1516 Sapien—

97 1517 156 1556 tis.
211 1521 263 1558 D.

149 1571 320 1626 Quorum
350 1587 460 1626 opera
479 1579 518 1615 in
540 1576 648 1631 hello]
679 1578 753 1617 Hic

92 1630 222 1679 Scipio
242 1629 444 1670 Africanus
463 1632 528 1672 est.
584 1635 631 1673 In
659 1634 754 1688 otio]

91 1686 245 1726 Laelius
268 1684 573 1738 sapientiffimus.
632 1692 678 1729 In
697 1704 756 1729 ne-

91 1743 219 1798 gotio]
261 1744 332 1784 Vel
365 1744 495 1785 Philus
532 1746 594 1785 vel
623 1749 754 1788 Serui-

92 1799 179 1838 lius.
232 1802 275 1840 E.
436 1838 438 1840 ,

146 1867 173 1896 2
189 1867 205 1897 1
253 1855 328 1896 Suo
372 1855 520 1911 quf'fque
561 1859 751 1913 tempore]

92 1910 270 1962 Quofum
323 1927 443 1965 opera
492 1913 755 1968 vnusquisque¹

91 1966 259 2008 vsusest
289 1970 329 2008 in
351 1970 637 2011 neceffitatibus
663 1970 751 2023 suis,

91 2022 173 2063 fine
209 2026 340 2077 aliqua
385 2040 520 2066 eorum
561 2026 751 2080 superbia.

90 2081 250 2124 Deinde
272 2079 480 2135 subiungit,
502 2085 752 2125 cui-officium

91 2134 197 2176 suum
225 2152 307 2178 non
326 2141 542 2192 compleat,
575 2144 613 2181 vt
634 2155 750 2195 argu-

89 2205 267 2234 mentum
287 2207 430 2245 narret‚
452 2197 556 2248 quod
564 2198 670 2248 fines
686 2200 752 2251 qui

87 2251 203 2301 primi
227 2255 392 2301 venient,
420 2256 638 2306 argumenti
659 2268 750 2294 con-

90 2306 221 2346 tinent
251 2307 554 2360 expositionem:
591 2322 632 2349 et
663 2311 749 2350 bre-

89 2362 188 2402 uiter
209 2364 374 2414 postulat
395 2364 652 2411 audientiam,
680 2368 749 2407 Fa·

87 2420 161 2456 cite
179 2423 464 2474 aequanimitas]
495 2425 581 2464 Hoc
599 2423 666 2470 est,
689 2437 750 2464 ae-

89 2487 188 2526 quos
207 2477 356 2516 animos
377 2489 415 2517 vt
440 2478 626 2519 habeatis.
654 2483 696 2522 E.

142 2544 195 2584 23
227 2535 299 2572 Pro
315 2546 458 2585 partem
477 2536 570 2590 lege
581 2540 748 2590 partim,-

88 2597 130 2626 vt
151 2590 247 2627 Hec.
267 2590 365 2630 Prol.
383 2593 421 2632 6.
479 2595 520 2632 B.

142 2657 198 2696 24
228 2645 272 2686 In
303 2647 442 2700 agendo
470 2659 614 2700 partem
633 2649 745 2703 osten·

82 2699 192 2754 dent]
227 2704 347 2747 Σχῆμει
371 2703 610 2748 εἷποσιώπησις,
666 2709 743 2747 Hic

81 2756 190 2799 enirn
206 2758 282 2798 iam
297 2772 379 2800 non
398 2756 504 2801 senes
523 2764 743 2816 accipiendi

1306 1239 1472 1303 Neque

809 1351 960 1395 effent:
1009 1355 1091 1396 imo
1127 1360 1256 1410 potius
1291 1372 1470 1404 caeterae

808 1409 1007 1462 personae.
1038 1411 1103 1452 sed
1126 1415 1194 1467 ipfi
1213 1415 1324 1456 senes
1343 1419 1385 1457 in
1402 1420 1471 1460 sta-

809 1468 904 1505 tario
937 1467 1153 1509 charafitere
1191 1483 1340 1523 partem
1380 1489 1470 1527 ape-

806 1523 931 1561 rient:
962 1524 1002 1562 in
1035 1528 1224 1575 motorio,
1252 1541 1401 1581 partem
1430 1546 1470 1571 0-

804 1578 996 1618 stendent.
1071 1585 1169 1622 Nam
1203 1584 1282 1624 duo
1318 1589 1467 1642 agendi

805 1632 894 1673 sunt
917 1636 1155 1688 principales
1177 1641 1305 1690 modi,
1341 1648 1468 1685 Moto-

804 1693 883 1730 rius
905 1703 945 1736 et
965 1694 1168 1734 statarius:
1197 1711 1246 1737 ex
1265 1699 1404 1750 quibus
1426 1703 1469 1744 i}-

804 1748 842 1787 le
863 1749 996 1787 tertius
1021 1748 1209 1799 nascitur,
1242 1756 1308 1806 qui
1328 1756 1466 1798 dicitur

802 1804 930 1850 μικτδς,
996 1808 1296 1865 Aequanimitas]
1341 1816 1465 1854 Fauor

804 1872 843 1900 et
862 1862 1052 1913 propitius
1080 1865 1254 1908 animus:
1289 1879 1327 1908 et
1348 1870 1465 1920 deest,

801 1918 932 1969 vestra.
991 1919 1040 1958 D.

859 1973 987 2013 Facite
1010 1979 1300 2034 aequanimitas]
1330 1983 1466 2024 Ouidi-

803 2043 862 2080 us,
883 2033 1038 2073 Excitat
1048 2034 1202 2074 auditor
1211 2036 1390 2086 studium.
1421 2044 1460 2080 L.

858 2085 998 2126 Versus
1025 2089 1181 2143 integer
1197 2091 1290 2131 mihi
1311 2095 1466 2136 excidis-

801 2139 840 2183 se
862 2144 1022 2193 videtur,
1051 2156 1088 2184 vt
1106 2147 1223 2200 legas,
1246 2149 1384 2199 Facite,
1407 2169 1465 2192 tie-

800 2203 1026 2253 quanimitas
1051 2202 1059 2256 Ι
1084 2203 1308 2259 Bonitasque
1343 2209 1462 2260 vestra

800 2257 977 2296 adiutrix
1011 2258 1155 2309 nostrae
1200 2262 1396 2315 iizdtssrz'ae
1427 2266 1436 2321 J

798 2315 938 2353 Poetae
967 2314 1018 2353 ad
1031 2314 1273 2368 Jkrz'laendum
1301 2333 1460 2376 augeant

798 2369 1025 2421 industriam.
1087 2370 1188 2411 Vide
1198 2373 1348 2416 Phorm.
1361 2381 1458 2420 Prot

798 2437 863 2480 35.
883 2438 922 2466 et
944 2430 1038 2467 Hec.
1061 2429 1164 2468 Ptol.
1187 2443 1255 2485 24.
1277 2432 1458 2477 vbiidem

798 2483 981 2523 occurrit:
1014 2497 1087 2522 nec
1114 2484 1295 2527 abhorret
1320 2504 1341 2528 a
1362 2504 1462 2530 con·

794 2536 1004 2578 suetudine
1015 2543 1193 2581 Terentii
1206 2542 1359 2585 eosdem
1376 2561 1457 2587 ver-

795 2593 854 2634 sus
866 2596 905 2635 in
917 2597 1093 2650 Prologis
1113 2610 1301 2650 repetere.
1360 2606 1398 2643 Β.

854 2663 874 2693 1
916 2653 1077 2707 storax]
1124 2657 1294 2695 Nomina
1326 2657 1458 2710 pei-sm

794 2721 941 2758 narum,
964 2711 1003 2747 in
1018 2712 1245 2752 Comoediis
1256 2713 1451 2765 duntaxat,

959 2769 998 2808 Λ
1029 2777 1052 2820 ς
1334 2769 1452 2815 habe-
