1827 3180
600 193 952 243 PHORMIO.

1331 204 1424 252 44¹

211 318 508 376 Achs
553 318 798 372 PR1M1
857 303 1147 367 scENA
1201 311 1310 363 111.

419 409 716 452 ANTIPHO.
768 404 1100 447 PHAEDRIA.

94 542 236 656 Ap
255 567 278 594 ε
298 565 323 595 o
344 543 396 594 κ’
432 563 526 593 rem
557 541 721 597 rediise,
754 553 800 592 vt
819 543 895 607 qui
917 539 1025 588 mihi
1045 538 1284 586 consultum
1306 549 1434 603 optu-.

424 638 494 668 me
522 621 623 667 velit
641 615 736 672 esse,

230 697 457 750 Phaedria,
497 706 663 760 patrem
691 703 737 740 vt
769 689 1050 745 extimescam,
1085 688 1156 738 vbi
1175 690 1222 735 in
1242 697 1434 736 mentem

328 774 418 818 eius
443 770 616 819 aduenti
637 768 788 818 venit?

157 995 345 1044 Apparet,
355 990 649 1032 hancDorcium
661 1001 749 1029 con-

102 1046 246 1089 {eruam
264 1044 371 1087 fuiffe
389 1049 559 1087 etGetae
570 1059 748 1085 vxorem:

103 1117 201 1156 ergo
222 1103 284 1142 dat
305 1103 360 1141 illi
379 1103 583 1155 pecuniam
597 1100 749 1141 seruan-

105 1160 206 1198 dam.
269 1160 327 1197 Ita
351 1159 435 1210 Syri
466 1171 559 1197 vxor
583 1156 747 1210 Phrygia

105 1213 297 1262 conserua,
318 1213 485 1261 A-de1.1v‚
504 1226 542 1267 9,
564 1216 623 1256 16.
653 1217 694 1253 Β.

168 1283 186 1312 1
219 1271 359 1309 Adeon·-
374 1282 448 1308 rem
466 1268 603 1320 redtſje,
629 1281 671 1307 vt
687 1270 751 1320 qui

104 1325 200 1367 mihi
240 1324 439 1376 consultum
481 1337 621 1378 optume
662 1322 750 1361 velit

107 1381 188 1435 effe]
220 1384 264 1420 111
293 1382 362 1420 hac
380 1383 502 1421 Scena
528 1381 632 1419 color
652 1380 751 1417 vitae

108 1438 318 1484 esteorum,
343 1435 472 1487 quiid,
499 1436 600 1486 quod
623 1436 753 1473 immo-

108 1494 198 1532 dice
234 1493 517 1543 concupierint,
562 1489 752 1542 spernunt,

109 1548 309 1602 pcstquam
338 1547 522 1587 euenerit.
582 1545 701 1596 Quod
720 1559 754 1584 a·

107 1605 280 1658 perxiore
301 1600 487 1641 sententia
504 1601 668 1640 ostendit
688 1602 755 1639 Po-

108 1671 192 1706 eta,
229 1656 416 1704 dicendo,
454 1656 587 1709 Nostri
619 1653 757 1708 nosmet

105 1718 281 1769 poenitet.
334 1713 475 1752 Adeon’
509 1725 582 1750 rem
615 1710 755 1764 rediffe]

110 1769 387 1821 Comparatiua
427 1767 583 1818 qualitas
614 1766 653 1804 in
687 1766 756 1806 hac

109 1828 238 1867 scena
268 1824 320 1864 est
339 1825 438 1862 inter
456 1822 690 1874 Antiphonis
709 1823 759 1860 vi-

113 1892 203 1928 tam,
226 1891 265 1919 et
275 1879 492 1919 Phaedriae.
531 1882 661 1918 Genus
673 1891 760 1916 cau·

112 1934 179 1975 fae
195 1933 543 1974 demonstratiuum.
594 1933 760 1972 Conten-

115 1991 216 2030 dunt
233 2002 381 2034 autem,
410 2000 492 2027 vtei·
513 1990 632 2041 magis
653 1986 763 2028 misen·

115 2046 175 2086 fit.
244 2045 292 2084 Vt
327 2046 389 2096 qui
430 2043 521 2083 mihi
563 2043 762 2095 conficlxum

117 2113 263 2153 optume
283 2101 370 2138 velit
386 2098 458 2151 effi,
480 2099 675 2142 Phaedria]
693 2100 765 2139 Mi·

119 2171 163 2195 ra
184 2153 380 2200 sententia,
403 2166 477 2204 qua
493 2154 656 2194 ostendit
673 2154 762 2195 ado-

120 2207 348 2250 lescentulos
383 2209 421 2246 in
451 2211 612 2260 peccatis
645 2209 764 2247 nemi-

119 2277 214 2306 nem
235 2264 354 2315 magis
369 2272 551 2310 metuere,
571 2277 682 2313 quam
700 2276 766 2302 eos

121 2335 146 2359 a
176 2318 313 2370 quibus
348 2319 513 2356 maxime
546 2317 765 2370 diliguntur.

123 2375 323 2424 Simulque
344 2373 535 2411 inducitur
553 2386 681 2411 rerum
699 2374 766 2412 im-

122 2430 356 2469 minentium
402 2427 644 2479 praestrufflo
664 2442 673 2467 ε
725 2431 763 2467 in

124 2498 202 2536 qua
229 2484 274 2523 {ic
300 2482 421 2522 audax
445 2483 632 2522 inducitur
650 2483 766 2523 Phae·

124 2540 218 2586 dria,
239 2550 273 2577 vt
291 2535 467 2576 defensor
480 2537 621 2577 sutums
640 2537 700 2577 fit:
718 2537 766 2577 fic

126 2595 278 2635 timidus
301 2593 488 2644 Antipho.
515 2605 552 2632 vt
577 2592 768 2646 fugiturus

125 2649 179 2691 fit.
248 2650 297 2693 Vt
337 2652 399 2704 qua*
442 2647 530 2691 mihi
577 2649 771 2705 ‘orfidum

1305 838 1438 894 Quod

796 998 938 1041 optume
958 984 1046 1026 velit
1064 984 1135 1038 effi,
1157 982 1350 1031 Phaedria,
1370 994 1437 1034 pa-

797 1058 891 1084 trem
938 1040 1195 1094 extirnefiam]
1251 1038 1440 1079 Ferienda

796 1098 1062 1152 pronunciatio
1101 1098 1140 1136 in
1167 1109 1214 1135 eo
1241 1094 1343 1147 quod
1373 1095 1439 1141 ait,

795 1157 879 1211 ‚qu
897 1154 988 1194 mihi
1007 1151 1205 1204 consultum
1230 1162 1369 1202 optume
1386 1163 1443 1187 ve-

797 1212 841 1250 Iit
860 1209 930 1262 ff·
960 1209 1032 1249 hoc
1050 1209 1157 1248 enim
1177 1207 1294 1259 magis
1305 1205 1445 1243 mirum

799 1266 870 1313 est,
897 1266 983 1305 ideo
1012 1276 1159 1316 patrem
1179 1262 1323 1309 timer1‚
1353 1260 1444 1311 quia

799 1319 1013 1360 consultum
1033 1321 1179 1371 optime
1197 1317 1299 1355 velit.
1336 1318 1386 1356 D.

853 1378 978 1417 Adeon
1002 1375 1095 1428 rem]
1130 1377 1237 1413 Haec
1256 1372 1378 1411 Scena
1396 1369 1446 1407 vi-

802 1443 862 1470 tae
889 1432 1209 1482 comparationem
1234 1436 1342 1466 tenet
1366 1428 1444 1464 An·

801 1487 971 1540 tiphonis
994 1497 1033 1524 et
1052 1484 1272 1529 Phaedriae,
1285 1483 1366 1520 eius
1378 1480 1444 1530 qui

800 1555 954 1582 vxorem
967 1541 1070 1580 duxit
1080 1537 1234 1578 absente
1244 1548 1350 1589 patre
1362 1548 1449 1574 eam

803 1612 917 1650 quam
947 1595 1152 1649 diligebat,
1195 1604 1235 1633 et
1274 1593 1353 1631 eius
1381 1589 1448 1640 qui

803 1664 902 1693 amat
929 1652 1193 1695 meretricem,
1234 1659 1272 1686 et
1307 1643 1450 1685 sumtus

805 1722 884 1748 non
920 1707 1049 1747 habet.
1101 1708 1146 1745 In
1183 1716 1258 1754 quo
1287 1701 1450 1754 negotio

805 1763 970 1804 efficitur
1001 1761 1158 1814 qualitas
1181 1756 1449 1809 compat-atina,

805 1820 871 1871 qui
892 1815 1065 1858 miserior
1082 1815 1133 1855 sit.
1189 1817 1236 1855 Et
1254 1813 1308 1852 est
1319 1809 1448 1851 causae

807 1887 930 1929 genus
967 1870 1317 1912 demonstrantium.
1363 1879 1451 1905 cum

810 1933 926 1970 vitam
970 1925 1161 1977 vtriusque
1198 1926 1237 1963 in
1275 1920 1448 1967 miseriis,

810 1985 1092 2036 comparatione
1114 1983 1213 2020 vitae
1232 1976 1330 2025 suae,
1361 1977 1453 2015 dicit

811 2038 887 2080 effe
919 2038 1081 2078 felicem.
1139 2036 1264 2076 Adeon
1300 2047 1372 2071 rem
1400 2046 1454 2071 re-

810 2094 912 2149 diffi]
938 2093 1116 2144 Eousque
1142 2105 1222 2130 rem
1241 2086 1316 2128 effe
1337 2086 1454 2125 dedu·

810 2153 926 2199 etam,
957 2161 995 2188 vt
1022 2161 1105 2187 cum
1122 2146 1217 2186 mihi
1245 2155 1349 2195 pater
1368 2154 1457 2180 con·

813 2206 947 2246 fultum
968 2206 1111 2255 optime
1129 2202 1270 2251 cupiat,
1300 2211 1374 2249 ego
1405 2208 1456 2234 ta-

814 2275 904 2301 men
937 2272 1016 2298 non
1047 2261 1146 2309 (cum
1173 2257 1234 2306 7,.)
1264 2248 1458 2305 pertimes-

815 2330 917 2362 cam,
949 2327 1033 2352 cum
1050 2312 1142 2351 mihi
1164 2310 1268 2349 venit
1293 2309 1332 2346 in
1352 2319 1458 2346 meu·

817 2383 894 2410 tem
914 2371 1019 2408 illum
1033 2367 1269 2416 iamiamque
1279 2361 1353 2403 effe
1366 2374 1456 2402 ven-

813 2425 968 2466 turum?
1019 2426 1062 2463 E.

867 2494 892 2523 2
921 2478 993 2520 Vbi
1012 2482 1213 2517 innuentem
1232 2475 1306 2516 eius
1324 2474 1459 2515 adum·

814 2535 982 2588 eivenit]
1011 2538 1127 2579 Nota,
1155 2533 1277 2570 venire
1303 2532 1341 2569 in
1366 2541 1460 2567 men-

815 2606 886 2631 tem
905 2602 1062 2637 veteres,
1085 2602 1165 2628 non
1185 2585 1459 2626 recordationis

817 2644 924 2691 causa
940 2657 1107 2696 tantum,
1133 2640 1198 2684 fed
1223 2652 1338 2685 etiam
1357 2652 1464 2681 recoa

927 2704 991 2746 Ee
1019 2714 1043 2756 5
1372 2696 1463 2749 gita-
