1875 3292
369 197 430 231 10

497 314 664 376 Neque
684 307 958 358 seruolorum
971 304 1212 372 quisquam,
1234 305 1312 369 qui
1325 295 1557 350 aduorsuin
1569 296 1741 351 ienant?

363 495 509 536 habere
523 492 672 531 debent
683 491 875 531 rationem
889 499 930 528 et
943 498 1027 542 ety-

361 552 587 604 mologiam.
642 550 798 589 Etenim
817 543 1025 586 absurdum

364 610 431 655 est,
453 607 658 649 comicum
670 617 806 657 aperte
816 616 1024 657 argumen-

364 680 401 706 ta
422 663 669 716 confingere:
691 662 751 700 vel
774 674 920 700 nomen
941 672 1025 712 per-

362 721 480 763 sonae
517 721 780 772 incongruum
812 717 924 764 dare,
962 716 1024 754 vel

364 778 558 826 officium,
603 774 706 828 quod
736 775 780 813 fit
808 789 828 813 a
856 774 1023 813 nomine

363 831 572 888 diuersum.
631 834 737 872 Hinc
775 829 904 871 seruus
931 828 1024 869 fide-

364 894 409 934 lis
441 894 618 933 Parmeno
631 904 645 925 .·
676 887 844 928 infidelis
873 887 935 926 vel
950 886 1024 938 Sy-

363 963 446 996 rus,
472 947 534 987 vel
573 945 690 985 Geta:
719 946 832 985 miles
867 943 1023 994 Thrasb,

362 1007 426 1045 vel
454 1004 653 1044 Polemon:
682 1003 834 1042 iuuenis
854 1001 1026 1054 Pamphi-

363 1062 419 1102 lus
438 1079 452 1100 .·
494 1071 671 1100 matrona
710 1059 942 1109 Myrrhina.-
986 1064 1027 1097 et

362 1133 462 1173 puer
489 1116 536 1156 ab
565 1117 688 1156 odore
714 1115 881 1155 storax:
917 1114 979 1155 vel
1004 1129 1027 1156 a

362 1176 458 1216 ludo
476 1185 517 1214 et
535 1189 555 1213 a
569 1173 863 1227 gesticulatione
878 1173 1028 1212 Circus:

363 1246 404 1274 et
422 1234 516 1272 item
533 1231 679 1276 fimilia,
703 1231 744 1270 in
765 1228 906 1282 quibus
927 1226 1025 1269 sum-

347 1286 468 1333 -mum
488 1291 631 1328 Poetae
650 1288 787 1328 vitium
807 1286 872 1336 est,
890 1285 1025 1339 siquid

362 1362 386 1387 e
411 1345 602 1386 contrario
626 1357 851 1398 repugnans
876 1354 1026 1383 contra-

358 1406 460 1451 rium
498 1397 772 1452 diuersumque
808 1400 1024 1452 protulerit,

362 1460 431 1500 nisi
462 1471 533 1509 per
558 1463 756 1504 ἀντὶφςασιν
783 1470 932 1496 nomen
956 1457 1027 1495 im-

363 1515 534 1570 posuerit
553 1515 795 1561 ioculariter,
827 1525 866 1553 vt
887 1513 1027 1564 Miser-

354 1573 511 1630 gyrides
534 1574 572 1611 in
591 1572 726 1612 Plauto
747 1570 884 1609 dicitur
903 1580 1027 1621 trape-

362 1632 449 1672 zita.
481 1639 520 1667 et
552 1628 638 1666 fere
668 1626 744 1665 hoc
769 1628 887 1665 modo
919 1627 1025 1677 apud

364 1687 458 1727 alios
486 1699 507 1723 a
527 1685 652 1724 Poetis
681 1683 844 1734 nomina
864 1694 1024 1733 compo·

364 1754 510 1783 nuntur
547 1738 798 1779 describenda
834 1751 904 1790 per
935 1743 1029 1777 &vvl-

364 1811 502 1846 φρκσιν,
536 1796 642 1848 quod
670 1795 843 1849 defignat
870 1794 1024 1835 Storax.

364 1856 513 1896 Primae
535 1864 670 1905 partes,
689 1852 780 1891 licut
798 1853 838 1891 in
853 1852 1025 1906 Prologo

365 1909 444 1964 ipse
466 1909 660 1964 promilit5
687 1923 708 1948 a
729 1907 883 1948 senibus
902 1922 1027 1962 agun-

366 1981 448 2011 tur:
487 1980 653 2018 quorum
686 1966 940 2005 contentione
976 1964 1023 2003 ad

366 2034 641 2078 argumentum
659 2023 786 2069 relata,
807 2023 880 2060 vita
896 2019 1027 2072 aspera

366 2096 451 2122 cum
471 2081 574 2126 leni,
608 2089 645 2118 et
673 2091 780 2129 pater
799 2079 918 2119 comis
937 2091 1025 2117 cum

366 2136 599 2178 seuerillimo
632 2147 884 2187 comparatur.
942 2134 1026 2175 Sto-

367 2195 455 2247 rax]
499 2195 695 2233 storacem
732 2192 900 2239 voeauir,
941 2205 1024 2230 non

366 2248 620 2293 Aeschinum:
653 2262 731 2299 qno
755 2258 920 2290 tacente.
933 2261 1026 2300 pue-

360 2322 462 2354 rum,
481 2306 517 2344 id
538 2305 607 2349 est,
637 2303 872 2345 Aeschinum
892 2303 1026 2344 absen-

368 2378 444 2402 tem
477 2363 618 2401 credit:
649 2363 739 2412 quia
768 2359 908 2400 seruuli
937 2361 1028 2404 ado-

368 2418 599 2459 lescentibus
616 2416 903 2469 praestolantur.
933 2430 972 2456 vt
986 2420 1025 2457 in

369 2475 528 2519 Andria,
559 2472 808 2525 Ohfitum'mm
825 2489 929 2514 mane
949 2474 1026 2514 illn-

370 2531 629 2582 rumfiruulos
651 2545 845 2575 vementes,
877 2545 945 2570 aut
963 2531 1026 2570 ah-

370 2599 507 2626 euntes.
568 2586 641 2624 Sed
676 2588 767 2636 quia
799 2587 879 2626 lieri
914 2600 1023 2639 pote·

366 2658 442 2688 rat,
475 2655 510 2682 vt
532 2642 689 2681 domino
709 2640 861 2681 absente
880 2642 1025 2683 adeffet

367 2703 525 2742 Storax:
555 2699 858 2740 cotnmodillime
875 2701 1025 2752 adiecit,

788 177 946 225 ACT.
978 176 1012 222 Ι.
1061 172 1261 224 SCEN.
1291 174 1324 221 1.

1636 381 1740 425 Pro-

1076 487 1210 541 Neque
1221 483 1462 536 seruulorum
1473 483 1665 540 quzsquam
1675 483 1740 535 qui

1077 542 1273 594 aduerfiam
1294 545 1430 583 ierant.
1477 541 1642 584 storax!
1664 553 1740 579 non

1075 602 1191 642 rediit
1223 599 1289 640 hac
1317 599 1438 654 noete]
1475 602 1563 639 Hoc
1590 597 1654 637 alii
1682 597 1740 635 in-

1076 658 1323 711 terrogatiue,
1352 656 1418 695 alii
1440 654 1757 708 pronunciatiue.

1076 714 1303 767 proferunt:
1333 710 1400 752 sed
1425 712 1545 766 magis
1566 723 1740 764 pronun·

1075 773 1216 814 ciatiue
1236 769 1460 811 dicendum.
1518 772 1568 810 D.

1130 827 1292 868 storax!
1332 840 1406 866 non
1441 825 1576 880 rediit]
1618 822 1741 866 Vide-

1076 896 1137 926 tur
1166 885 1229 924 hic
1250 894 1393 936 quanta
1415 896 1504 924 cura
1527 882 1568 923 {it
1589 880 1639 920 de
1658 879 1739 919 filio

1075 943 1260 996 cogitare.
1290 954 1333 980 ae
1362 941 1487 991 primo
1509 936 1741 991 conquifitio

1075 1000 1140 1049 est,
1161 1010 1201 1038 et
1212 998 1469 1050 interrogatio
1481 994 1738 1050 praecedens,

1075 1069 1177 1109 quae
1196 1055 1341 1108 duplici
1354 1052 1462 1094 sensu
1476 1053 1644 1106 intelligi
1658 1062 1742 1104 pot-

1075 1113 1140 1153 est.
1194 1115 1295 1153 Nam
1333 1124 1482 1151 nomen
1515 1108 1614 1149 serui
1651 1122 1740 1150 cum

1074 1167 1248 1219 dixisset,
1285 1166 1484 1222 possumus
1511 1166 1741 1219 intelligere

1075 1227 1180 1280 quod
1214 1240 1297 1266 non
1325 1223 1591 1278 responderit:
1623 1234 1662 1263 et
1690 1235 1740 1262 ex

1075 1284 1148 1323 hoc
1170 1283 1339 1334 ceperit,
1368 1281 1474 1334 quod
1507 1294 1587 1320 non
1608 1292 1740 1319 reuer-

1073 1339 1132 1381 sus
1154 1340 1198 1380 fit
1217 1339 1325 1386 filius
1338 1368 1350 1388 ‚
1377 1350 1414 1378 vt
1434 1338 1741 1391 pronunciemus
1798 1368 1800 1370 .

1074 1411 1145 1452 per
1165 1395 1517 1437 confirmationem.
1575 1397 1620 1437 E.

1129 1454 1247 1496 Tolle
1274 1464 1385 1494 notas
1408 1450 1742 1505 interrogationss,

1075 1514 1213 1553 Storax
1240 1511 1347 1551 enim
1368 1523 1455 1548 cum
1484 1520 1637 1548 vocatus
1658 1512 1741 1550 non

1076 1567 1331 1620 1·espondeat;
1350 1565 1445 1605 inde
1467 1563 1528 1604 scit
1541 1566 1741 1605 Micione-
1778 1593 1787 1600 ,

1075 1627 1223 1664 minem
1244 1623 1369 1662 adhuc
1389 1619 1554 1662 rediisse.
1610 1623 1740 1660 Nemo

1076 1680 1182 1721 domi
1201 1679 1385 1718 manebat
1413 1691 1499 1718 cum
1519 1675 1612 1719 sene
1632 1690 1742 1730 prae·

1075 1749 1133 1777 ter
1152 1737 1320 1779 ancillas,
1376 1739 1416 1776 B.

1133 1806 1157 1834 2
1195 1794 1328 1845 Neque
1364 1789 1605 1844 ftruolorum
1640 1788 1737 1842 qul

1075 1850 1201 1905 quam]
1234 1851 1392 1901 Propter
1411 1849 1584 1899 (Praeter
1601 1845 1671 1888 Ms.
1686 1850 1736 1888 Η.

1076 1917 1118 1946 et
1137 1905 1235 1948 Edd.
1255 1908 1369 1958 vett.)
1392 1906 1601 1954 storacem,
1617 1917 1738 1956 quem

1076 1961 1203 2003 abesse
1223 1977 1303 2004 non
1327 1960 1603 2014 respondendo
1625 1961 1740 2002 intel·

1075 2021 1254 2059 leximus.
1311 2020 1390 2073 Qi
1409 2018 1624 2072 aduorficm]
1649 2021 1740 2057 Pro-

1076 2078 1162 2129 prie
1190 2073 1338 2115 locutus
1367 2075 1430 2116 est.
1488 2078 1590 2115 Nam
1610 2075 1739 2114 aduer-

1075 2134 1199 2183 [z‘tnres
1219 2133 1411 2175 dicuntur.
1471 2132 1618 2185 Ierant]
1649 2136 1740 2175 Pro-

1077 2191 1190 2230 duete
1223 2191 1232 2228 i
1266 2189 1586 2239 pronunciando:
1631 2188 1738 2240 quod

1077 2260 1149 2289 nos
1169 2245 1308 2286 addita.
1331 2260 1368 2291 u,
1390 2247 1542 2285 luerunt
1562 2245 1739 2286 dicimus.

1075 2304 1177 2344 Tale
1211 2303 1265 2341 est
1297 2303 1392 2341 illud
1429 2303 1582 2356 Virgilii
1611 2305 1736 2353 (Aen.

1080 2374 1137 2407 11,
1168 2361 1274 2413 25.)‚
1307 2360 1390 2398 Nos
1421 2358 1540 2410 abiisse
1570 2362 1668 2407 rati,
1701 2372 1737 2401 et

1077 2430 1190 2456 vento
1209 2417 1344 2468 petiisse
1364 2416 1557 2465 Mycenas.
1613 2418 1664 2456 l).

1132 2474 1263 2526 Neque
1295 2472 1533 2523 seruolorum
1566 2472 1736 2526 quiffiue]

1076 2528 1214 2569 Rursus
1230 2530 1506 2581 pronunciatio
1527 2530 1645 2568 altera
1657 2525 1736 2568 esse

1075 2585 1219 2638 potest,
1251 2597 1433 2636 tanquam
1463 2585 1590 2625 seruus
1622 2598 1735 2624 voca-

1074 2654 1134 2681 tus
1164 2640 1420 2693 responderit,
1453 2655 1491 2682 ct
1524 2640 1646 2695 ipsum
1674 2642 1733 2680 in-

1073 2700 1258 2752 terroget.
1317 2703 1360 2741 E.
