1875 3292
310 206 409 241 200
487 203 491 207 ’

691 186 854 236 AcT.
886 187 943 232 v.
981 158 1177 231 scEN.
1208 182 1324 231 vm.

448 322 565 372 Nec,
586 315 664 381 qui
685 332 779 363 eam
803 314 1014 380 respiciat,
1034 312 1261 377 quisquam
1283 308 1365 358 est:
1402 304 1550 358 sola’st.
1587 305 1694 359 Mt.v

552 410 683 459 quam
703 392 775 440 hic
794 408 891 439 rem
910 390 1029 451 agit?

357 487 420 523 ιο
457 469 558 521 DE.
597 472 729 515 Hanc
764 479 807 515 te
843 462 1087 531 aequom'st
1122 463 1308 512 ducere:
1349 472 1394 511 et
1428 473 1472 511 te
1497 473 1693 529 operam,

551 555 598 594 vt
617 542 704 597 fiat,
726 545 843 591 dare.

452 620 553 673 Mt.
584 624 665 669 Me
687 619 846 668 ducere
868 620 1039 669 autem!
1057 615 1155 666 DE.
1176 626 1234 664 te.
1266 611 1366 662 Mt.
1399 610 1495 666 me!
1528 613 1624 663 DE.
1653 622 1699 660 te

556 699 752 760 inquam.
776 694 877 744 Mi.
903 696 1078 760 ineptis.
1111 691 1207 741 DE.
1232 689 1262 738 fi
1286 702 1335 738 tu
1357 689 1409 738 {is
1432 691 1584 744 homo,

454 777 547 824 Hic
581 773 721 821 faciat.
759 768 858 819 ΑΕ.
897 771 959 817 mi
991 781 1130 837 pater.
1154 767 1270 816 'ML
1307 767 1450 830 quid?
1500 777 1550 815 tu
1579 766 1701 821 huic,

554 847 682 902 asine,
707 847 947 896 auscultas?
986 845 1094 894 DE.
1137 844 1247 891 nihil
1272 845 1387 911 agis:
1564 841 1568 846 ’

453 927 575 976 Fieri
607 925 730 973 aliter
753 941 844 971 non
868 919 1026 990 potest.
1067 919 1169 971 Ml.
1206 920 1376 969 deliras,
1410 914 1510 967 ΑΕ.
1538 915 1629 966 {ine
1657 927 1704 966 te

561 1017 754 1055 exorem,
779 1002 842 1048 mi
861 1010 1004 1067 pater.

1594 1072 1706 1118 Mt.

322 1195 456 1226 tamen
477 1183 583 1223 vultu
604 1181 774 1235 quodam
796 1180 989 1222 admiran—
1038 1180 1195 1234 Ineptis]
1222 1175 1405 1221 ¹Verbum
1428 1176 1501 1225 est,
1531 1175 1636 1229 quod
1654 1174 1709 1216 fa-

323 1244 386 1290 tis,
407 1254 474 1281 cur
494 1239 569 1280 hoc
588 1239 747 1286 dicatur,
767 1235 988 1291 respondet.

323 1301 466 1341 Parere
494 1300 570 1336 iam
597 1297 662 1337 diu
683 1306 752 1349 per
768 1308 885 1335 annos
904 1293 991 1333 haec

326 1368 406 1396 non
430 1354 571 1408 potest]
605 1353 743 1401 Recte,
773 1364 828 1392 ne
860 1361 993 1389 contra

323 1411 426 1452 filios
456 1408 616 1451 suadere
638 1409 823 1449 videatur.
880 1406 992 1447 Pare·

325 1482 369 1508 re
394 1470 469 1507 iam
495 1469 561 1507 diu
586 1477 652 1520 per
677 1477 793 1506 annos
814 1463 899 1503 haec
918 1476 995 1503 non

323 1523 465 1578 potest]
493 1526 580 1564 Hoc
599 1534 730 1562 antem
750 1520 910 1569 addidit,
943 1533 997 1560 ne

326 1592 466 1620 contra
495 1579 597 1619 filios
624 1589 733 1631 pater
760 1575 920 1617 suadere
947 1577 999 1614 vi-

329 1637 469 1676 deatur
488 1636 664 1687 nuptm,
695 1633 721 1673 fi
741 1634 816 1672 iilis
842 1632 997 1671 cohere-

329 1691 402 1732 des
430 1689 508 1732 esse
538 1688 799 1742 procreandos
831 1686 997 1726 suadeat.

330 1748 407 1790 Per
424 1760 539 1787 annos
568 1745 653 1784 haec
679 1758 751 1786 non
765 1742 900 1797 potest]
930 1747 1000 1784 Be-

330 1818 389 1846 ne
425 1806 499 1844 Per
532 1816 673 1843 annos.-
708 1803 799 1855 quia
829 1813 911 1840 non
945 1797 999 1840 est

335 1861 485 1902 sterilis.
542 1862 591 1901 D.

387 1917 526 1957 Parere
553 1919 628 1956 iam
652 1914 732 1969 diu]
764 1909 942 1954 Priscian.
973 1911 1001 1951 l.

334 1987 374 2017 X.
431 1979 473 2016 L.

394 2043 447 2074 10
473 2030 586 2070 Hanc
603 2041 639 2069 te
656 2040 805 2082 aequom
828 2025 877 2080 est
897 2024 1003 2064 duce-

333 2091 395 2140 re]
431 2087 496 2133 Te,
520 2086 654 2132 Micio,
678 2082 833 2123 scilicet.
891 2081 945 2120 Et
965 2094 1002 2120 te

335 2143 505 2198 operam]
537 2143 603 2190 73³,
634 2139 845 2182 Aeschine.
902 2141 1002 2178 Nam

333 2201 387 2240 ad
414 2201 524 2240 illum
551 2194 754 2238 conuersus
781 2209 802 2236 a
825 2194 1003 2237 Micione

337 2257 407 2297 est.
462 2260 509 2298 Et
526 2268 648 2308 quare
661 2250 899 2295 Aeschinum
913 2263 1003 2302 ope·

340 2327 423 2354 ram
449 2313 542 2352 dare
560 2325 728 2363 aequum
751 2307 833 2355 est?
861 2305 1004 2348 scilicet

338 2380 382 2409 vt
403 2369 516 2422 prosit
534 2367 669 2408 socrui.
724 2368 773 2408 D.

404 2437 448 2467 11
482 2427 549 2466 Me
569 2425 701 2464 ducere
718 2420 890 2477 autem!]
921 2420 1006 2460 Ma-

340 2495 421 2534 gna
451 2483 506 2520 vis
527 2482 566 2520 in
590 2477 887 2533 pronominibus
910 2475 1007 2528 posi·

340 2549 381 2576 ta
402 2537 467 2576 est.
524 2540 620 2576 Nam
644 2537 711 2576 Me
736 2535 804 2574 ille
832 2533 880 2573 sic
901 2534 1007 2578 dicit,

340 2593 445 2645 quasi
494 2604 611 2644 quem
656 2592 822 2631 minime
857 2589 1006 2628 deceat.

347 2651 418 2694 Te]
448 2650 522 2689 Ille
555 2649 672 2700 (Hic)
703 2647 751 2686 sic
781 2643 1008 2699 respondet,

344 2704 449 2762 quafi
479 2717 598 2760 quem
623 2705 794 2747 maxime
821 2711 1006 2758 oporteat.

1044 2364 1186 2419 scultas
1203 2363 1246 2418 ἲ]

1041 1238 1091 1276 cit
1111 1238 1265 1289 IneptIo,
1288 1237 1434 1288 ineptis,
1458 1236 1610 1287 ineptit.
1665 1232 1708 1273 Si

1041 1307 1082 1334 tu
1093 1293 1145 1346 fis
1168 1293 1291 1342 homo]
1323 1296 1412 1332 Non
1433 1291 1474 1330 Si
1493 1306 1537 1337 es,
1559 1289 1624 1330 sed
1650 1290 1710 1330 Sis

1044 1350 1162 1390 dixit:
1195 1350 1297 1402 quasi
1316 1349 1358 1389 in
1380 1361 1429 1387 eo
1450 1345 1488 1387 se
1504 1347 1709 1394 hominem

1042 1406 1087 1447 fit
1116 1404 1348 1447 Aeschinus?
1367 1404 1610 1457 probaturus.
1666 1403 1711 1442 Si

1045 1477 1087 1505 tu
1100 1463 1155 1515 fii·
1177 1462 1301 1516 homo]
1333 1458 1544 1502 Aeschine.
1602 1457 1712 1508 Sifi's,

1047 1534 1117 1573 pro
1136 1520 1175 1560 Si
1193 1517 1271 1560 esse
1297 1518 1479 1567 volueris,
1500 1528 1540 1557 et
1559 1515 1583 1556 fi
1605 1515 1712 1556 credi

1047 1577 1165 1616 homo
1196 1575 1375 1615 volueris.
1434 1576 1475 1615 Si
1505 1586 1548 1614 tu
1567 1572 1621 1625 sis
1644 1571 1713 1611 ho-

1047 1635 1124 1676 mo]
1155 1633 1230 1672 Hic
1247 1631 1378 1671 facete
1398 1643 1436 1670 et
1462 1632 1560 1670 mire
1580 1628 1713 1682 coegit

1048 1685 1288 1729 Aeschinum
1317 1687 1364 1726 ad
1386 1684 1712 1738 persuadendum.

1050 1757 1132 1784 non
1158 1745 1263 1783 enim
1284 1742 1393 1790 dixit,
1413 1744 1453 1782 Si
1475 1738 1711 1792 tustchomo,

1044 1799 1248 1854 perfimdet
1280 1796 1345 1838 sed
1371 1798 1441 1847 sic,
1472 1798 1588 1838 faciat
1611 1797 1714 1849 (fid,

1049 1870 1131 1897 mc
1159 1859 1375 1909 FAch‘r):
1406 1865 1444 1893 vt
1473 1853 1607 1894 abillo
1628 1867 1714 1893 non

1050 1912 1213 1959 tastum,
1257 1908 1322 1950 sed
1363 1908 1545 1952 effeRum
1584 1911 1716 1965 exige·

1051 1980 1122 2010 ret.
1182 1971 1230 2009 D.

1105 2025 1149 2065 Si
1166 2021 1266 2076 tufis
1283 2023 1404 2071 homo,
1428 2023 1644 2078 hicfitciat]
1675 2021 1716 2063 Si

1053 2083 1173 2122 etiam
1192 2080 1305 2121 cedas
1325 2080 1372 2120 ad
1385 2079 1435 2127 id,
1466 2080 1570 2132 qnod
1586 2080 1717 2132 cupio,

1052 2141 1240 2180 continuo
1262 2137 1480 2175 consentiat
1491 2148 1612 2190 pater.
1644 2139 1688 2177 E.

1115 2208 1163 2238 12
1189 2194 1255 2235 Me·
1269 2196 1392 2247 pater]
1423 2194 1488 2233 Mi
1512 2194 1715 2233 vocatinus

1054 2249 1157 2292 casus
1179 2251 1253 2298 est,
1288 2249 1336 2289 ab
1357 2263 1407 2289 eo
1426 2249 1532 2301 quod
1557 2249 1610 2288 est
1631 2249 1719 2289 Me-

1053 2323 1109 2349 us.
1165 2307 1292 2362 Quid?
1320 2319 1363 2345 tu
1382 2305 1486 2356 huic,
1512 2308 1624 2358 estne,
1655 2319 1720 2345 au-

1300 2365 1447 2415 Aptum
1493 2362 1720 2402 conuicium

1056 2421 1196 2477 grandi
1215 2429 1258 2458 et
1273 2417 1394 2461 fatuo.
1452 2421 1501 2460 D.

1113 2477 1175 2520 Ob
1209 2474 1330 2515 libros
1367 2474 1572 2528 plerosque
1607 2479 1721 2517 Faer-

1057 2546 1131 2574 nus
1150 2531 1273 2572 edidit
1292 2531 1400 2588 ind
1425 2545 1466 2573 tu
1485 2545 1605 2572 autem
1630 2531 1719 2570 huic

1058 2602 1131 2632 etc.
1188 2592 1231 2630 Β.

1114 2656 1161 2697 13
1204 2645 1307 2685 Fieri
1335 2644 1448 2685 aliter
1483 2656 1558 2683 non
1583 2641 1738 2697 potelf]¹

1056 2704 1095 2747 Α
1113 2698 1358 2762 ,ηθεθίῖατία
1421 2699 1593 2756 Delirus]
1631 2701 1724 2762 Pro·

1634 2767 1722 2812 prio
