1875 3292
431 217 525 274 ¹58
803 209 1065 257 acr.1v.
1107 212 1298 261 scEN.
1337 216 1409 264 vt

557 342 635 387 Ne
664 338 778 386 forte
816 336 1075 404 imprudens
1109 338 1287 395 faciam.
1324 342 1444 407 quod
1478 344 1610 392 nolit:
1652 346 1785 396 sciens

657 412 838 461 cauebo.

556 489 642 538 Sed
655 486 765 537 ceffo
774 490 838 536 ire
849 489 1038 542 introme
1050 506 1173 537 mora
1184 492 1292 538 meis
1305 494 1469 559 nuptiis
1481 509 1656 556 egomet
1668 495 1784 546 siem.

497 635 808 694 ACTVS
843 634 1215 696 ‘QVARTl
1263 636 1551 693 SCENA
1607 643 1708 697 Vl.

969 727 1235 767 DEMEA.

547 855 683 970 Da
705 881 727 909 ι·
748 880 772 910 ε
791 880 811 910 s
830 879 849 910 s
871 882 900 916 v
920 879 940 910 s
979 863 1073 911 sum
1107 863 1395 914 ambulando:
1441 878 1510 921 vt.
1556 872 1691 933 Syre,
1735 883 1779 920 te

779 957 882 988 curn
902 951 975 987 tua

544 1015 864 1066 Monstratione
885 1031 1069 1077 magnus
1096 1016 1250 1080 perdat
1277 1016 1506 1082 Iuppiter!

546 1093 801 1157 Perreptaui
822 1091 952 1157 vsque
971 1107 1104 1139 omne
1137 1091 1376 1158 oppidum:
1415 1093 1469 1140 ad
1488 1105 1687 1160 portam,
1723 1099 1776 1146 ad

640 1168 782 1215 lacum
795 1185 806 1222 ς

460 1383 518 1423 77
554 1371 678 1411 Sciens
721 1367 877 1422 caueho]
923 1372 1068 1411 Facere

407 1427 512 1480 quod
537 1426 637 1465 nolit
653 1423 806 1465 scilicet.
862 1428 913 1467 D.

470 1484 526 1523 Ne
535 1482 648 1534 forte
667 1481 880 1534 imprudens
900 1481 991 1534 quid
998 1480 1067 1532 fiz-

403 1543 510 1587 ciam,
533 1539 635 1592 quod
651 1539 758 1578 nolit.
813 1537 938 1578 Sciens
954 1551 1064 1577 caue·

404 1595 468 1642 bo]
494 1595 606 1636 Dabo
619 1607 788 1646 operam,
811 1607 864 1632 ne
877 1594 981 1644 quod
996 1607 1064 1632 no-

402 1652 445 1690 lit
464 1663 570 1703 pater
589 1649 728 1689 faciam
750 1646 926 1696 insciens,
947 1647 1063 1702 inspi-

403 1708 501 1746 ciam
521 1704 809 1757 etprouidebo.
867 1707 912 1745 E.

457 1761 574 1803 Meu-i
601 1758 708 1799 causa
743 1771 913 1811 repone,
944 1769 984 1798 et
1007 1759 1061 1798 di·

399 1817 575 1871 stingue,
605 1817 666 1857 Ne
684 1816 897 1868 imprddens
910 1816 1060 1867 faciam

389 1875 503 1927 jone
535 1874 634 1928 quod
660 1872 776 1921 nolit,
802 1871 928 1923 fiims
958 1873 1060 1910 τακέ-

400 1932 460 1970 bo.
519 1932 560 1971 B.

453 1993 505 2040 78
547 1986 618 2027 Sed
650 1984 734 2038 ‘ff'
769 1986 822 2023 ire
854 1986 976 2032 imm,
1013 1997 1057 2023 ne

395 2057 501 2083 mora
527 2046 613 2083 meis
631 2043 775 2095 nuptiis
797 2039 1054 2095 egomctfi'em]

394 2103 505 2141 Bene
550 2098 622 2139 hoc
642 2127 653 2146 ‚
700 2107 834 2150 vtpote
878 2096 1054 2149 obiurga-

394 2157 704 2252 tussjutffbemb.
726 2209 814 2263 lege
833 2208 982 2255 Morae,
1014 2221 1051 2247 et

389 2266 517 2308 versus
537 2269 658 2321 gratia
668 2268 744 2308 Sim
764 2278 832 2317 pro
843 2266 950 2305 Sitne.
980 2268 1019 2305 Β.

452 2338 465 2366 1
502 2323 670 2376 Dcfi'ffu‘
687 2323 777 2374 fiam
803 2321 1046 2374 ambulando]

387 2382 463 2420 Hic
484 2380 705 2431 exemplum
728 2378 928 2418 inducitur
944 2374 1047 2416 saeui

387 2438 505 2487 patris
533 2450 581 2475 ex
607 2433 747 2474 affeetu
777 2447 888 2481 vero,
930 2445 969 2472 et
995 2432 1046 2471 ob

387 2490 465 2530 hoc
495 2492 603 2531 inuiti
636 2491 829 2530 omnibus.
866 2502 946 2528 non
983 2502 1045 2529 au-

388 2557 468 2586 tem
499 2559 647 2585 tantum
677 2550 787 2599 (tam)
815 2559 944 2584 amare
963 2545 1043 2584 vul.

385 2613 449 2648 tu,
491 2615 606 2652 quam
643 2601 719 2653 ipsa
761 2614 803 2641 re
833 2599 1039 2640 inducitur.

382 2661 480 2699 Nam
510 2670 642 2708 neque
675 2657 762 2705 fibi,
807 2670 935 2709 neque
965 2657 1040 2695 cui-

381 2726 500 2767 quam
517 2714 591 2763 alii,
618 2711 678 2752 sed
700 2712 776 2756 tiu·
791 2724 937 2754 tantum
949 2724 1038 2753 con·

1667 1251 1773 1304 Quo

1116 1365 1256 1409 fultum
1277 1371 1395 1423 cupit.
1449 1369 1511 1410 De
1529 1382 1670 1418 autem,
1696 1372 1772 1412 val-

1115 1425 1160 1464 de
1179 1424 1376 1479 fignificat.
1431 1426 1495 1475 Vt,
1519 1427 1625 1478 Syre,
1645 1442 1680 1467 te
1694 1443 1772 1468 cum

1115 1494 1186 1521 tua
1202 1481 1481 1535 monstratione]
1516 1485 1582 1533 Vt,
1613 1496 1682 1536 pro
1698 1488 1774 1525 vn'-

1114 1552 1209 1577 nam.
1239 1549 1280 1577 et
1308 1538 1405 1579 haec
1433 1540 1565 1578 omnia
1581 1538 1770 1581 anhelans

1114 1594 1222 1633 dixit.
1283 1594 1336 1634 Te
1375 1607 1456 1634 cum
1497 1595 1585 1646 tua]
1630 1596 1769 1638 Adhuc

1112 1662 1194 1688 non
1224 1650 1348 1689 credit
1373 1652 1415 1690 in
1434 1663 1604 1692 errorem
1624 1649 1662 1692 se
1685 1651 1769 1692 mis-

1110 1702 1191 1743 sum
1210 1703 1335 1744 fuiss‘e.
1402 1707 1448 1746 Te
1472 1719 1550 1745 cum
1576 1720 1640 1747 tua
1667 1722 1768 1747 mon-

1102 1759 1301 1813 stratione]
1333 1763 1510 1806 ἰδιωτικαῖς
1534 1764 1585 1803 Te
1605 1776 1682 1804 cum
1701 1777 1766 1806 rua

1109 1815 1381 1867 monstratione.
1435 1820 1485 1859 D.

1171 1870 1339 1924 Defeffus
1375 1871 1465 1924 fitm
1511 1872 1765 1933 ambulando]

1107 1930 1215 1968 Haec
1241 1930 1366 1968 Scena
1395 1926 1675 1971 accusationem
1713 1943 1766 1973 te-

1108 1995 1186 2033 net,
1205 1985 1311 2036 quod
1327 1984 1550 2026 adolescens
1571 1989 1763 2028 vitianerit

1104 2041 1309 2093 virginem,
1333 2052 1374 2080 et
1393 2054 1496 2082 nunc
1515 2044 1761 2086 meretricem

1104 2098 1284 2148 rapuerit.
1345 2097 1584 2139 Defenditur
1603 2114 1624 2139 a
1637 2111 1759 2153 patre.

1103 2154 1226 2192 Huius
1245 2155 1449 2193 exordium
1469 2152 1636 2195 sumitur.
1674 2160 1719 2198 E.

1153 2221 1175 2260 3
1208 2210 1427 2262 perrepunt
1444 2210 1555 2264 vsqnae'
1575 2225 1677 2252 omne
1697 2223 1761 2266 op-

1093 2265 1234 2318 pe'dum'
1276 2266 1425 2306 Tardus
1457 2264 1635 2316 incess‘us,
1676 2281 1757 2309 non

1098 2335 1229 2372 petam
1262 2322 1399 2370 ulatio,
1436 2321 1499 2363 sed
1524 2329 1755 2377 pmeptatio

1097 2378 1248 2416 dicitur.
1293 2378 1531 2430 luporum,
1554 2382 1606 2419 ad
1622 2380 1752 2421 lacum.

1096 2433 1188 2490 ρέα)
1218 2433 1312 2487 non]
1341 2435 1444 2474 Mire
1473 2437 1755 2488 propinquiora

1096 2487 1230 2535 omisit,
1254 2500 1386 2541 vtpote
1401 2494 1604 2543 porticum,
1622 2495 1752 2532 maccl-

1091 2543 1185 2591 lum,
1231 2545 1380 2586 Oatim'
1413 2548 1535 2595 aedes,
1582 2549 1750 2602 templum

1090 2599 1262 2640 Dianae:
1298 2613 1337 2640 et
1363 2603 1493 2642 vltima
1522 2602 1665 2655 posuit,
1709 2615 1748 2643 vt

1090 2661 1565 2712 qtmntumperagrauerit,
1587 2658 1750 2699 demon.

1090 2710 1228 2751 maret.
1309 2717 1370 2755 Ad
1410 2714 1553 2769 lacum]
1609 2718 1746 2755 Fam-te

1657 2776 1745 2811 Poc-
