1875 3292
359 197 456 249 286

751 190 906 237 AcT.
938 189 1008 235 111.
1050 189 1250 236 scEN.
1274 157 1317 236 ⁷1.

488 321 614 369 Prius
637 335 769 383 quam
791 319 903 365 hanc
924 332 1106 365 vxorem
1129 315 1246 370 duxi,
1280 315 1497 364 habebam
1518 313 1621 366 alibi
1643 321 1733 366 ani·

589 413 713 443 mum
734 397 872 442 amori
902 393 1123 440 deditum:
1368 432 1371 433 ⁷

399 492 419 526 1
433 491 457 539 ς
492 475 585 521 Iam
605 475 652 519 in
673 470 753 518 hr'ic
773 488 820 518 re
841 481 886 518 vt
900 482 1079 523 taceam,
1103 469 1243 516 cuiuis
1263 467 1388 516 facile
1408 464 1576 524 scitu'st,
1599 487 1732 535 quam

590 549 751 596 fuerim
783 547 930 594 miser:

490 630 918 687 Tamennunquam
947 622 1070 670 ausus
1092 621 1185 668 sum
1216 619 1410 668 recusare
1444 638 1565 677 eam,
1600 639 1732 687 quam

590 701 699 748 mihi
729 699 926 747 obtrudit
949 710 1085 763 pater.

491 780 576 827 Vix
606 794 678 824 me
713 777 832 823 illinc
851 775 1055 826 abstraxi,
1088 785 1218 837 atque
1238 773 1507 839 impeditum*
1526 775 1573 821 in
1587 791 1642 821 ea
1663 792 1733 821 ex·
1768 838 1774 839 ἶ

587 853 740 920 pediui
761 855 960 899 animum
983 868 1134 898 meum
1148 863 1161 900 ὅ

355 1090 450 1120 vero
470 1087 634 1129 angore,
656 1072 737 1128 ipsa
754 1072 1021 1114 consolatione

356 1130 545 1188 aegrescit
564 1133 690 1172 dolor.
735 1129 1020 1185 Etingeniose‚

357 1205 440 1232 non
462 1192 590 1241 inquit
608 1188 727 1236 Dicis,
762 1187 828 1228 sed
850 1187 1021 1240 Consbla·

354 1250 412 1289 ris
446 1260 521 1288 me:
561 1257 599 1286 et
637 1245 711 1284 hoe
741 1243 822 1298 ipso
851 1244 1019 1284 ostendis

355 1302 451 1344 scire
471 1315 520 1350 te,
540 1302 644 1355 quod
667 1299 780 1342 miser
793 1299 884 1342 sum.
916 1303 966 1341 D.

411 1361 519 1416 Qid
545 1359 733 1412 consolare
761 1358 868 1413 me2]
900 1358 974 1397 Ille
993 1357 1020 1396 i·

354 1416 422 1471 pso
465 1416 652 1456 medendi
690 1427 840 1470 genere
876 1411 1020 1454 suscitat

352 1476 531 1523 vulnera,
553 1485 591 1512 et
603 1472 861 1512 vehementer
873 1472 1016 1520 omnia‘²

355 1545 458 1583 quae
494 1529 562 1569 fibi
596 1544 646 1569 ex
656 1542 806 1579 *amore
840 1530 1020 1581 contige-

355 1589 445 1636 rint,
489 1597 653 1634 enarrat,
683 1598 721 1625 et
740 1583 820 1624 suas
840 1586 1018 1624 innume-

350 1657 412 1684 ras
434 1641 602 1682 miserias
622 1655 692 1694 per
712 1653 838 1693 partes
858 1653 1017 1680 enume-

355 1710 426 1740 rat.
486 1700 556 1739 His
579 1697 925 1749 conquestionibus
942 1709 1018 1734 ma-

355 1757 392 1796 la
421 1753 485 1795 sua
515 1766 737 1808 exaggerat.
793 1752 854 1792 Ad
876 1752 1018 1802 postre-

355 1826 463 1852 mum
483 1823 613 1851 tamen
636 1808 832 1848 concludit
850 1810 944 1847 iram
966 1809 1018 1846 in-

355 1881 463 1909 terea
483 1865 520 1907 se
533 1867 707 1920 expediri
727 1879 893 1917 vnquam
905 1867 1020 1917 (iram

356 1929 457 1966 inter
481 1938 570 1963 casa
581 1923 624 1975 fi
646 1923 812 1976 expediri
829 1935 1017 1975 nunquam

354 1984 415 2033 Z.)
452 1978 571 2033 poffe.
630 1982 716 2020 Hoc
753 1977 888 2019 seruus
916 1977 1017 2018 fran-

355 2041 433 2093 git,
466 2049 635 2089 negans,
665 2048 849 2089 magnam
869 2032 1017 2074 causam

356 2092 574 2147 contigisse,
595 2104 635 2133 et
654 2091 744 2133 facit
764 2107 786 2132 a
804 2090 966 2145 persona
978 2102 1017 2131 et

354 2167 376 2191 a
400 2151 510 2190 iimili
538 2160 836 2204 argumentum,
866 2162 1021 2201 compa·

355 2221 444 2248 raus
461 2208 642 2247 mulieres
661 2207 804 2258 pueris.
860 2206 1018 2246 Dehinc

356 2264 566 2316 trepidatio
593 2276 660 2314 pro
688 2262 926 2313 parturiente
953 2274 1018 2313 pu-

355 2322 445 2360 ella.
504 2323 611 2360 Haec
640 2321 747 2359 enim
774 2320 851 2358 iam
881 2331 1013 2358 moue-

357 2388 418 2415 tur
438 2378 590 2430 integro
611 2387 731 2429 partu.
787 2378 936 2416 Verum
962 2389 1016 2414 ai·-

355 2433 547 2472 bitrantur
576 2447 657 2472 non
686 2431 927 2482 Pamphilum
956 2446 1017 2470 au-

355 2491 500 2529 θυῖε-ιη
517 2490 630 2528 huius
648 2490 928 2542 conceptionis.
960 2491 1017 2528 Ex

356 2545 429 2584 hac
451 2557 581 2584 tamen
595 2559 691 2585 voce
703 2546 870 2584 dolentis
884 2547 921 2583 in
936 2559 1017 2596 par-

356 2613 399 2642 tu
430 2600 653 2640 adolescens
675 2600 803 2641 nescio
823 2602 918 2652 quid
947 2598 1016 2639 sus-

353 2658 516 2712 picatur,
540 2671 633 2710 ergo
652 2659 866 2713 interrogat
887 2655 1017 2698 nescio

355 2713 462 2766 quid.
519 2716 560 2756 E.

1560 929 1734 991 Vixque

1129 1083 1182 1126 14
1213 1072 1327 1112 Prius
1349 1083 1457 1125 quam
1476 1071 1569 1111 hanc
1578 1085 1732 1112 vxor-em

1071 1129 1186 1183 duxi]
1218 1132 1305 1170 Hoc
1335 1128 1458 1168 refert
1483 1128 1531 1177 ad
1554 1128 1651 1168 illud
1674 1142 1731 1167 ca-

1071 1197 1141 1238 put
1163 1187 1205 1224 in
1225 1199 1301 1237 quo
1313 1186 1376 1233 ait,
1392 1186 1550 1225 Nemini
1570 1199 1636 1241 ego
1650 1187 1732 1239 plu-

1070 1257 1113 1282 ra
1147 1241 1278 1283 acerba
1304 1241 1367 1294 iffi
1394 1243 1500 1281 credo
1527 1257 1574 1281 ex
1606 1256 1731 1281 amore

1070 1299 1213 1338 homini
1235 1312 1394 1354 vnquam
1423 1297 1558 1338 oblata.
1617 1299 1734 1338 Prim-

1069 1370 1178 1409 quam
1205 1355 1299 1395 hanc
1329 1369 1480 1396 vxor-em
1505 1356 1618 1410 duxi]
1653 1362 1732 1397 An-

1069 1424 1109 1452 te
1144 1425 1238 1452 rem.
1306 1412 1498 1455 Habebam
1529 1413 1615 1453 alibi
1652 1416 1731 1452 ani-

1067 1483 1165 1510 mum
1186 1471 1308 1508 amori
1327 1454 1512 1524 dedbum]
1535 1476 1597 1511 An
1617 1468 1731 1509 miser

1067 1526 1111 1566 fit
1129 1527 1170 1566 in
1191 1539 1325 1566 amore
1344 1525 1402 1564 ἀπ’
1429 1529 1539 1573 ἀρχῆς
1569 1525 1650 1573 ἔχει
1675 1534 1731 1563 τέ-

1066 1596 1147 1630 Λες,
1177 1593 1269 1622 ante
1287 1595 1387 1631 rem,
1416 1583 1456 1621 in
1496 1596 1561 1633 re,
1591 1593 1629 1620 et
1647 1581 1731 1634 post

1069 1652 1166 1678 rem.
1225 1638 1416 1677 Habebam
1445 1638 1553 1692 alibi]
1593 1639 1730 1677 Graui-

1069 1708 1113 1732 us
1134 1695 1229 1732 dixit
1250 1693 1372 1740 Alibi,
1405 1707 1519 1745 quam
1551 1693 1575 1733 fi
1603 1696 1643 1732 in
1662 1707 1729 1732 me-

1067 1754 1200 1789 retrice
1219 1748 1375 1790 diceret.
1431 1754 1479 1791 Et
1499 1751 1632 1789 maluit
1652 1752 1728 1790 Alt-

1069 1805 1107 1846 hi
1138 1807 1295 1854 dicere,
1335 1819 1451 1858 quam
1480 1807 1529 1846 ad
1564 1809 1727 1848 meretri-

1070 1877 1153 1903 cem.
1211 1867 1263 1904 D.

1128 1931 1176 1973 15
1196 1922 1296 1960 Tres
1315 1918 1427 1959 codd.
1447 1920 1565 1971 paulo
1575 1920 1730 1959 concin-

1067 1977 1156 2016 nius
1187 1976 1398 2026 collocant,
1436 1976 1555 2017 Facile
1581 1975 1628 2028 est
1652 1975 1730 2028 fii·

1066 2047 1124 2074 tu.
1187 2036 1228 2073 Β.

1127 2092 1178 2133 16
1205 2087 1330 2144 Qcam
1339 2088 1432 2128 mihi
1448 2088 1637 2143 obtrudit]
1660 2091 1730 2138 Re-

1069 2148 1128 2186 &e
1148 2148 1255 2185 enirn
1278 2146 1353 2184 diei
1375 2147 1515 2197 potuit,
1552 2148 1730 2197 Qut-mo-

1068 2203 1120 2242 do
1139 2217 1233 2256 ergo
1254 2215 1408 2241 vxorem
1431 2201 1550 2247 duxit,
1577 2202 1602 2241 fi
1624 2217 1728 2241 ama-

1069 2261 1158 2300 bat?
1188 2264 1236 2301 Et
1265 2259 1368 2298 bene
1395 2259 1601 2306 Obtrudit‚
1635 2260 1728 2310 quia

1068 2318 1204 2356 inuito.
1262 2314 1731 2369 Sicalibi‚Aliquidmon-

1057 2374 1131 2426 stri
1157 2375 1287 2412 alunt:
1315 2385 1356 2410 ea
1373 2374 1553 2425 quonium
1589 2373 1728 2411 termini

1067 2428 1218 2469 obtrudi
1232 2427 1360 2480 potest,
1392 2432 1470 2467 itur
1487 2429 1536 2467 ad
1554 2442 1617 2467 me.
1678 2430 1727 2468 Et

1070 2485 1259 2531 Obmtdit,
1283 2500 1353 2536 pro
1375 2484 1619 2533 obtrudcbat,
1642 2489 1727 2530 ἐνέρ-

1065 2559 1145 2591 γεια
1166 2541 1373 2592 (ἑναλλαγιὶ)
1393 2543 1588 2593 temporis.
1620 2544 1666 2581 D.

1123 2598 1307 2637 Obtrudit
1327 2598 1455 2652 pater]
1497 2600 1543 2638 V.
1573 2597 1620 2638 C.
1649 2595 1725 2634 'ob-

1068 2658 1155 2696 tulit
1173 2666 1290 2708 pater.
1348 2658 1385 2694 L.

1114 2724 1177 2765 ,17
1221 2713 1297 2752 Vix
1326 2725 1380 2751 me
1411 2710 1510 2751 illinc
1539 2707 1726 2763 abstraxi]

1640 2768 1726 2814 rix,
