1875 3308
662 199 955 246 ADELPH.

1381 216 1471 262 ¹57

150 347 215 394 70
248 333 325 377 Tu
338 330 486 394 potius
497 330 616 375 Deos
630 342 905 392 comprecare
919 346 927 371 :
953 341 1052 371 nam
1065 324 1142 373 tibi
1155 341 1228 371 eos
1242 338 1360 374 certo
1374 328 1470 382 scio,

253 408 358 458 Quo
379 406 443 451 vir
465 405 618 451 melior
641 403 779 450 multo
802 419 846 449 es
868 417 998 464 quam
1020 417 1116 461 ego,
1152 401 1470 468 obtemperatu-

348 496 423 528 ros
445 482 597 539 magis·

253 551 308 603 M
325 566 357 600 1.
396 557 492 614 Ego
520 572 572 600 eo
595 556 734 608 iutro;
770 562 828 604 vt,
854 566 962 614 quae
985 567 1096 615 opus
1111 551 1217 604 sunt,
1242 564 1472 618 parentur:

353 640 401 675 tu
424 629 487 675 fac
512 641 558 675 vt
577 629 675 681 dixi,
694 626 723 673 fi
749 626 873 691 sapis.

256 701 363 752 ΑΕ.
397 703 517 758 Quid
549 705 632 750 hoc
660 701 720 748 est
751 702 933 762 negoti?
967 701 1053 748 hoc
1082 700 1142 748 est
1173 713 1342 768 patrem
1377 701 1474 757 esse,

353 789 426 825 aut
444 778 529 825 hoc
547 777 606 824 est
629 778 764 823 filium
784 773 898 823 effe?

258 856 299 900 Si
322 854 450 900 frater
472 865 544 900 aut
565 853 714 900 sodalis
727 848 841 905 effer,
861 853 935 915 qui
947 854 1082 913 magis
1094 868 1262 900 morem
1273 856 1477 915 gereret?

160 947 222 992 75
261 932 348 976 Hic
382 946 474 975 non
501 927 740 976 amandus?
776 927 920 974 hicine
949 944 1041 974 non
1063 926 1292 988 gestandus
1313 932 1359 976 in
1381 928 1476 976 finu

354 1003 442 1050 est?
480 1003 581 1050 hem
598 1008 606 1052 !

258 1082 407 1144 Itaque
429 1078 536 1126 adeo
556 1095 757 1141 magnam
778 1077 887 1126 mihi
907 1080 1055 1126 iniecit
1087 1078 1156 1126 sua
1173 1080 1483 1128 commoditate

353 1171 500 1201 curam
513 1171 523 1210 3

178 1385 234 1427 70
261 1372 536 1425 Lege,'1·udcos
547 1377 682 1427 polim.
715 1377 754 1414 Β.

183 1442 235 1483 71
274 1429 361 1470 Tibi
381 1432 690 1482 obtemperaturos
710 1444 782 1469 ma·

127 1490 202 1542 gis]
230 1488 330 1526 Mira
353 1485 557 1532 sententia,
591 1490 694 1525 Deus
714 1486 782 1526 ob-

130 1544 236 1594 lequi
255 1542 374 1591 bonis,
407 1542 506 1593 quali
530 1542 639 1580 bonis
662 1542 783 1581 homi·

130 1597 244 1636 nibus
271 1598 436 1637 multum
466 1597 645 1636 debeant.
677 1609 715 1636 et
742 1599 783 1642 iu

130 1651 416 1692 excusationem
456 1652 638 1705 poecandi
664 1655 784 1700 Deos,

130 1707 221 1748 vide
240 1721 340 1759 quae
359 1707 520 1747 facultas
542 1720 632 1747 nata
658 1707 700 1747 {it
708 1723 784 1762 pa-

130 1775 226 1804 trem
246 1763 325 1802 fine
346 1761 600 1803 ass'entatione
626 1753 784 1803 laudan.

132 1821 185 1859 di.
246 1822 336 1860 Non
375 1819 429 1858 est
461 1832 591 1859 autem
624 1820 783 1858 iniurio-

1408 1234 1485 1278 Ne

884 1384 941 1425 74
969 1374 1048 1431 Qui
1075 1376 1193 1430 magis
1219 1387 1352 1414 morem
1380 1389 1482 1430 gere·

830 1432 905 1485 ret]
937 1431 1037 1487 Qi,
1070 1431 1302 1481 quomodo,
1334 1445 1409 1482 qua
1429 1443 1483 1480 re,

832 1488 1088 1538 quaratione.
1143 1489 1192 1526 D.

888 1541 930 1580 Si
945 1545 1097 1594 frater,
1130 1554 1195 1581 aut
1212 1540 1359 1591 fiedalis
1388 1540 1483 1594 cffit,

831 1599 896 1650 qui
941 1599 1060 1651 magis
1107 1610 1241 1636 morem
1281 1599 1483 1651 gar-erat'ss

831 1654 906 1693 Hic
930 1653 980 1691 ita
997 1653 1095 1697 lenis
1113 1651 1168 1690 est
1193 1662 1321 1703 pater,
1351 1653 1485 1691 vthcc

833 1721 906 1748 nec
922 1707 1163 1756 frate1·,nec
1185 1706 1319 1746 sodalis
1338 1720 1485 1762 ageret.

832 1767 886 1804 Ita
943 1763 1272 1815 quemadmodum
1327 1762 1485 1804 fratrem

831 1820 1014 1872 praetulit
1042 1830 1103 1858 aut
1131 1817 1318 1868 sodalem,
1362 1834 1485 1871 quum

128 1873 222 1924 sum,
254 1875 302 1914 ad
322 1887 467 1926 patrem
487 1874 630 1915 referre
648 1876 781 1927 depre·
818 1875 949 1928 frater
971 1873 1195 1915 fiducialiter
1212 1876 1311 1927 agit,
1336 1875 1484 1916 sodalis

133 1931 326 1970 cationem
348 1932 538 1971 Deorum:
568 1929 631 1971 sed
660 1933 783 1985 magis

132 1985 374 2025 honorabile.
411 1988 508 2026 Nam
528 1987 783 2040 taleestaptld

131 2042 338 2094 Vingilium
356 2043 480 2093 (Aen.
498 2055 544 2089 11,
563 2055 653 2096 717.
657 2048 687 2096 ),
716 2045 784 2091 Tu,

133 2100 293 2151 genitor,
313 2110 397 2151 cape
409 2097 518 2148 [incra
530 2112 650 2148 manu,
667 2104 786 2153 patri-

133 2151 238 2207 osque
261 2165 421 2204 penates.
463 2165 501 2193 vt
530 2152 610 2207 ipse
637 2167 784 2207 patrem

133 2219 272 2261 portet,
294 2207 354 2247 hic
372 2211 490 2249 Deos.
548 2213 595 2250 D.

186 2275 239 2317 72
271 2265 350 2319 Ego
379 2279 418 2303 eo
447 2269 570 2313 imro,
600 2280 661 2312 vt,
691 2278 784 2319 quae

134 2319 336 2372 opusfimr,
351 2331 538 2372 parentur
555 2337 561 2359 :
590 2335 632 2360 tu
643 2323 726 2373 fac,
743 2336 785 2362 vt

133 2378 226 2414 dixi„
238 2374 405 2428 su'fipis]
425 2377 497 2416 Hic
510 2375 634 2415 versus
648 2379 686 2415 in
701 2379 785 2429 qui-

135 2429 290 2471 busdam
314 2443 392 2470 non
410 2433 617 2471 inuenitur.
679 2436 728 2474 D.

185 2500 234 2539 73
268 2487 377 2542 Quid
393 2485 459 2525 hoc
475 2487 653 2542 estnegoti
664 2490 710 2543 ']
737 2492 784 2530 Et

132 2544 305 2583 miram„
328 2542 432 2588 haee,
454 2545 784 2584 erlaudantismwa

134 2597 587 2639 rioest.Erhe11e1-idetur
597 2599 785 2641 huiusmo-

135 2654 174 2694 ds
184 2665 334 2708 patrem
347 2657 508 2697 'lerent.
527 2655 702 2707 probare.
733 2659 780 2699 D.

831 1929 981 1984 semper
1000 1930 1251 1984 obtemperat.
1308 1935 1352 1972 E.

885 2055 939 2097 75
970 2043 1043 2082 Hic
1071 2056 1146 2081 non
1170 2043 1399 2096 amandus?]
1431 2044 1488 2082 Ο.

832 2101 937 2139 mnia
956 2097 1122 2151 perfecit
1140 2097 1201 2137 hie
1225 2109 1354 2150 pater,
1386 2110 1425 2136 vt
1445 2111 1487 2138 et

834 2166 990 2202 ametur,
1011 2165 1050 2193 et
1066 2153 1260 2203 laudetur,
1289 2165 1328 2193 et
1354 2152 1487 2194 fouea-

833 2222 904 2252 tur.
960 2213 1013 2254 D.

889 2325 944 2376 76
974 2322 1157 2375 Magnam
1167 2320 1258 2360 mihi
1278 2323 1401 2361 iniecit
1410 2322 1487 2372 siaa

834 2378 1087 2417 commoditate
1110 2377 1251 2430 curam]
1281 2379 1382 2417 Mira
1403 2378 1492 2419 sen·

833 2434 972 2478 tentiam
1011 2433 1108 2470 mala
1144 2433 1258 2471 etiarn
1293 2434 1343 2473 de
1375 2434 1490 2475 bonis

833 2489 946 2528 nobis
973 2486 1084 2527 nasci.
1121 2500 1167 2526 an
1198 2486 1325 2528 bonus
1346 2504 1488 2543 pamm·

835 2559 1000 2596 magnae
1016 2555 1130 2582 curae
1149 2541 1202 2582 est
1224 2541 1331 2587 sulio?
1384 2550 1430 2586 l)

890 2604 924 2641 N
931 2597 1031 2639 ersus
1062 2609 1099 2638 et
1118 2597 1309 2639 sententia
1331 2601 1400 2639 flao
1381 2603 1487 2656 ἐξω,

837 2669 955 2709 γιμο
970 2636 1421 2709 Inte-‚111efi11gaslniiun
1450 2662 1484 2700 B
