1827 3180
478 203 1044 270 ARGVMEN-TVM.
1331 242 1427 286 401

68 361 160 389 nem
190 346 386 389 dederunt
417 345 571 386 amandi
602 343 922 385 adolescentibus.
979 347 1074 385 Nam
1102 343 1222 384 statim
1245 345 1429 389 Phaedria

69 404 342 445 Citharistriam
370 400 434 441 sub
468 403 614 441 lenone
641 404 769 452 coepit
798 403 954 440 ardere:
989 399 1164 453 Antipho
1184 402 1285 442 illam
1308 404 1427 444 tiliam

68 461 195 513 patrui
217 459 406 498 Phanium
424 456 690 510 desponsatam
711 457 790 507 libi,
809 455 984 496 nesciens
1004 454 1252 506 nescientem,
1279 473 1371 498 mox
1391 471 1428 501 vt

65 514 242 560 Athenas
261 516 368 555 venit
381 545 389 561 ‚
420 527 495 553 nec
515 526 660 565 patrem
680 513 842 566 reperit,
871 511 958 552 falsa
978 513 1120 565 duplici
1149 514 1184 552 ei
1193 527 1232 552 us
1251 516 1425 566 nomine,

67 582 232 612 matrem
261 582 448 610 mortuam
479 571 570 609 dum
604 571 852 616 lamentatur,
884 568 1097 610 adamauitz
1129 569 1366 623 consilioque
1388 583 1427 611 et

69 640 187 680 opera
207 626 366 678 paraliti,
388 624 594 665 secundum
617 625 722 678 leges
739 624 1048 672 Atheniensium,
1081 624 1182 676 quali
1203 625 1269 665 libi
1287 640 1428 680 cogna-

69 694 107 722 ta
126 680 237 731 ess'et,
270 693 451 734 tanquam
480 683 518 720 in
542 683 625 720 iure
646 682 762 720 vietus
791 691 831 719 et
850 681 954 720 velut
971 682 1139 727 coactus,
1173 695 1256 720 eam
1276 685 1428 736 accepit

67 752 224 780 vxorem
248 751 318 790 per
337 736 542 777 absentiam
562 738 686 789 patris.
744 737 824 787 Qui
847 749 965 788 quum
986 733 1216 784 aduenifl’et,
1249 750 1286 777 et
1313 740 1428 779 tellet

67 807 155 835 eam
185 795 402 846 expellere:
441 795 564 845 primo
592 792 916 844 confutatur-‚per
952 793 1235 844 impudentiam
1263 795 1423 844 parasiti.

66 850 150 904 post
169 863 256 888 cuni
278 848 340 888 suo
362 854 478 888 tratre
497 849 544 888 lie
567 849 779 900 decipitur,
806 858 865 895 vt,
890 847 980 900 dum
999 862 1082 887 eam
1111 849 1232 887 credit
1247 849 1293 888 ab
1315 853 1425 892 Anti-

65 905 200 960 phone
231 902 338 958 posse
355 904 521 958 diliuugi
535 934 544 950 ‚
571 917 656 944 eam
677 905 852 956 paralitus
871 901 949 956 ipse
967 903 1079 943 ducat
1099 917 1272 945 rxorem:
1301 917 1340 945 et
1357 906 1425 946 det

65 962 224 1001 dacium
251 975 336 1000 xxx.
364 961 486 999 minas
515 958 750 1012 praesettteis
779 960 899 1003 dotis.
926 960 1081 1011 puellae
1108 962 1292 1006 noniine;
1331 975 1423 1014 quas

62 1018 242 1060 Phormio
261 1027 432 1068 acceptas
451 1016 663 1064 Phaedriae
681 1015 811 1056 dedit:
843 1016 907 1064 ille
926 1017 1062 1066 lenoni
1082 1016 1129 1070 ad
1147 1016 1425 1069 (litharilfriam

64 1074 346 1115 redimendam.
405 1071 562 1124 Quibus
582 1071 694 1125 gestis
723 1071 879 1111 taudem
899 1071 1087 1112 Chremes
1109 1070 1280 1125 agnoscit
1308 1072 1426 1114 filiam

64 1127 167 1169 suam
186 1129 430 1168 coniunilam
452 1126 528 1167 else
545 1129 668 1167 fratris
688 1127 777 1166 filio.
836 1129 967 1178 Quare
987 1128 1077 1167 dum
1104 1140 1249 1168 mutato
1269 1129 1426 1169 consilio

64 1199 151 1225 xxx.
184 1185 307 1224 minas
334 1198 355 1223 a
374 1183 605 1224 Photmione
634 1199 702 1236 per
722 1186 840 1223 rixam
861 1197 1021 1224 conatur
1038 1185 1217 1238 exigere,
1246 1198 1316 1238 per
1331 1199 1426 1227 eun·

64 1241 157 1282 dem
177 1241 348 1291 proditus
369 1242 473 1280 vxori
492 1237 581 1279 suae
601 1240 846 1280 Naulistratae
864 1240 938 1280 est:
971 1250 1011 1279 et
1029 1239 1147 1280 faetus
1173 1241 1346 1280 libidinis
1365 1255 1424 1281 re·

64 1310 131 1344 ιιε,
160 1310 240 1338 non
259 1308 350 1336 ante
371 1297 520 1336 veniam
538 1296 677 1336 meruit
695 1310 716 1335 a
734 1296 1019 1335 matrefamilias
1031 1307 1044 1341 ,·
1067 1310 1179 1348 quam
1198 1310 1236 1336 et
1254 1311 1338 1335 xxx.
1358 1298 1426 1337 mi·

66 1365 224 1401 narum,
251 1363 290 1391 et
316 1353 456 1391 amoris
475 1352 732 1393 Citharistriae
760 1353 911 1391 veniam
937 1349 1100 1391 dediffet
1125 1351 1216 1391 filio.
1274 1354 1425 1393 Primus

65 1409 184 1450 Aaus
204 1407 257 1448 est
276 1410 315 1447 in
335 1409 529 1459 colloquio
551 1404 718 1448 Daui’et
735 1409 880 1447 Getae:
911 1420 983 1458 per
1011 1420 1106 1459 quos
1126 1406 1231 1447 discit
1257 1410 1423 1460 populus

65 1474 352 1516 argumentum.
406 1464 558 1504 Secundi
586 1464 700 1503 Actus
738 1474 852 1502 tenor
879 1463 1054 1502 continet
1078 1462 1292 1503 aduentum
1324 1462 1424 1506 l‘eniS

68 1519 353 1567 turbulentum,
381 1530 421 1557 et
439 1516 610 1558 eiusdem
630 1518 796 1571 iurgium
822 1516 999 1557 aduersus
1017 1519 1156 1558 Getam
1186 1532 1223 1558 et
1244 1518 1425 1561 Phaedri·

65 1588 141 1617 am.
205 1573 331 1615 Tertio
349 1575 460 1614 Ac‘tui·
479 1573 695 1613 attribuitur
712 1575 877 1628 litigium
899 1572 997 1613 senis
1013 1585 1052 1614 et
1063 1574 1319 1614 Phormionis:
1340 1588 1422 1617 tum

63 1628 291 1670 consultatio
303 1630 614 1669 cumaduocntis:
645 1641 727 1669 tum
747 1629 990 1681 Antiphonis
1018 1630 1056 1667 in
1076 1634 1239 1669 scenam
1262 1631 1424 1684 reditus,

64 1687 383 1737 colloquiumque
412 1698 496 1724 cum
516 1688 633 1726 Geta?
666 1698 745 1724 tum
774 1686 929 1724 lenonis
955 1696 995 1724 et
1012 1685 1223 1725 Phaedriae
1242 1688 1422 1727 collucta-

65 1743 140 1782 tio:
169 1753 249 1780 tum
271 1740 485 1780 adhortatio
506 1743 628 1781 Getae
651 1741 701 1781 de
721 1741 968 1780 inueniendo
989 1754 1154 1794 argento
1167 1743 1213 1781 ad
1227 1743 1423 1783 redimen-

63 1798 155 1839 dam
182 1796 395 1837 Phaedriae
421 1796 703 1838 Citharistriam.
757 1797 944 1850 Quartum
970 1797 1106 1838 Actum
1143 1797 1208 1837 ista
1239 1800 1420 1838 concele-

63 1853 198 1893 brant:
225 1852 414 1892 aduentus
435 1852 666 1900 Chremetis,
687 1854 940 1903 eiusdemque
958 1866 1042 1892 cum
1063 1852 1180 1892 fratre
1192 1853 1417 1895 deliberatio

64 1923 136 1963 per
153 1919 324 1947 errorem
348 1908 398 1947 de
419 1909 609 1948 eiicienda
634 1909 803 1949 Phanio:
835 1910 958 1948 Getae
978 1908 1091 1947 verba
1103 1909 1151 1949 de
1169 1910 1347 1949 saliendis
1370 1908 1420 1949 se-

65 1964 201 2007 nibus:
235 1963 472 2014 Antiphonis
490 1966 609 2004 oratio
631 1965 732 2016 apud
759 1963 874 2004 semet
895 1962 1015 2016 ipsum
1043 1964 1092 2003 de
1113 1978 1244 2004 amore
1264 1968 1421 2005 traSlan·

64 2022 139 2060 tis:
167 2021 290 2060 Getae
312 2017 434 2059 rursus
453 2033 538 2058 cum
560 2019 712 2059 senibus
731 2021 864 2060 callida
878 2051 887 2067 ‚
916 2031 954 2058 et
975 2033 1065 2059 mox
1085 2034 1169 2059 eum
1190 2022 1421 2073 Antiphone

65 2075 118 2114 de
137 2074 271 2114 eadem
293 2073 401 2114 causa
418 2075 574 2126 simplex
591 2075 816 2127 disputatio:
845 2073 975 2115 senum
997 2077 1098 2114 inter
1130 2075 1166 2115 se
1185 2078 1421 2128 colloquium

66 2131 119 2170 de
136 2130 358 2182 expullione
381 2133 566 2171 mulieris:
599 2132 695 2171 etad
710 2145 919 2171 extremum
935 2145 947 2169 ι
958 2132 1045 2170 erba
1060 2131 1274 2172 Chremetis
1287 2129 1421 2184 agnos.

67 2186 190 2226 centis
208 2187 408 2231 nutricem,
431 2199 472 2225 ac
495 2200 563 2238 per
583 2200 668 2226 eam
701 2187 816 2226 filiam
839 2185 938 2225 suam
965 2200 1053 2225 cuin
1074 2186 1304 2238 Antiphone
1332 2201 1422 2226 con.

67 2240 246 2282 iunetam.
302 2243 345 2280 In
375 2245 502 2293 quinto
531 2243 627 2280 Aeto
658 2255 726 2293 per
758 2242 1018 2293 Demiphonis
1046 2255 1210 2281 errorem
1242 2241 1420 2281 l'hormio

66 2297 206 2346 accipit
226 2306 430 2347 argentum
450 2296 548 2335 dotis
570 2299 750 2336 nomine:
784 2309 821 2338 et
848 2298 1081 2335 conuenitur
1103 2297 1321 2337 Naulillmta
1339 2328 1347 2344 ,
1383 2309 1420 2337 vt

65 2353 175 2391 exire
192 2349 308 2388 domo
329 2350 742 2401 compellatphanium.
795 2353 1008 2393 Nunciatur
1021 2353 1236 2403 Antiphoni
1258 2353 1421 2392 etl'hor·

65 2408 189 2449 mioni
210 2419 278 2458 per
297 2406 448 2455 Getam,
471 2407 659 2446 Phanium
678 2421 698 2445 a
718 2418 823 2459 patre
841 2410 1028 2459 agnitam,
1066 2405 1360 2459 permistamque
1382 2419 1420 2448 vt

65 2475 162 2502 vxor
180 2460 377 2500 habeatur.
405 2474 504 2513 quae
523 2475 637 2513 quum
659 2464 708 2501 ita
728 2474 841 2512 nupta
861 2464 911 2508 lit,
941 2459 1158 2513 exposcitur
1175 2476 1379 2524 argentum
1399 2478 1420 2503 a

21 2531 26 2534 “
64 2516 303 2559 Phormione
329 2528 396 2566 per
422 2518 540 2556 rixam
566 2515 719 2557 senum:
756 2533 776 2557 a
807 2517 947 2567 quibus
980 2518 1046 2555 ille
1079 2516 1294 2569 oppressus,
1339 2533 1419 2559 rem

66 2586 225 2613 omnem
245 2572 367 2624 aperit
386 2571 645 2614 Nausistratae.
676 2573 721 2611 ad
744 2573 847 2623 quod
869 2574 1032 2623 primum
1048 2574 1149 2617 irata,
1174 2585 1208 2612 vt
1228 2576 1265 2612 in
1289 2576 1352 2612 tali
1374 2588 1418 2614 re

67 2640 173 2676 vxor,
195 2642 286 2667 mox
307 2629 446 2666 lenitur
465 2629 504 2666 in
525 2628 602 2668 tine
622 2629 795 2677 Fabulae,
818 2642 854 2668 et
873 2627 1091 2667 tutillimum
1109 2643 1129 2667 a
1151 2631 1422 2680 pati-isiiacun-

68 2682 131 2724 dia
153 2683 311 2734 praestat
329 2683 564 2724 Phaedriam.

95 2737 375 2782 ‘Ter.c.P.11.
853 2740 917 2781 Cc
1251 2741 1424 2783 ΕΛΕΥ-
