1827 3180
583 45 934 91 PHORMIO.

1348 66 1442 112 577

101 190 165 240 35
202 179 355 229 Quum
380 189 463 235 ego
487 171 619 220 vostri
641 174 823 220 honoris
844 170 962 218 causa
983 172 1218 237 repudium
1241 175 1361 223 alteri

197 248 468 302 Remiserim,
488 266 598 312 quae
623 249 738 296 dotis
760 247 1017 294 tantundem
1042 248 1183 295 dabat.

195 323 243 373 D
261 339 304 371 Ε.
340 330 360 372 I
383 326 485 371 hinc
510 328 554 370 in
574 327 727 370 malain
750 340 845 370 rem
865 339 966 368 cum
987 321 1085 370 istac
1100 325 1435 385 magnificentia,

196 403 427 462 Fugitiue:
466 402 594 446 etiam
615 416 733 446 nunc
756 397 893 444 credis
919 409 960 443 te
982 399 1240 458 ignorarit-r,

194 480 288 524 Aut
307 486 382 523 tua
402 473 511 522 fasta
530 474 668 521 adeo?
706 472 807 523 PH.
846 474 1008 520 irritor.
1045 472 1152 520 DE.
1184 487 1290 524 tune
1321 480 1434 528 hanc

296 553 491 604 duceres,

94 646 163 690 40
198 630 242 676 Si
264 628 343 674 tibi
370 627 464 672 data
484 622 613 672 esset?
645 622 738 670 ΡΗ.
771 624 835 671 fac
853 625 1084 689 periclum.
1117 623 1213 673 DE.
1249 639 1296 675 vt
1317 628 1432 679 filius

197 708 309 751 Cum
322 703 390 747 illa
403 702 565 748 habitet
578 700 693 765 apud
706 712 760 748 te,
783 700 868 745 hoc
890 699 1083 748 vostrum
1096 701 1321 749 confilium
1335 707 1433 754 fuit.

195 777 292 826 PH.
331 777 514 832 Quaeso,
537 775 644 839 quid
668 774 847 822 narras?
884 774 933 822 D
949 788 992 823 Ε.
1037 780 1145 840 quin
1167 789 1215 822 tu
1237 780 1347 826 mihi
1368 799 1432 828 ar·

296 863 477 914 gentum
501 853 624 899 cedo.

194 925 283 977 PH.
320 932 462 975 Immo
477 944 580 975 vcro
590 943 768 974 vxorern
781 935 828 971 tu
843 925 964 974 cedo.
990 923 1084 973 DE.
1107 929 1231 976 inius
1245 929 1433 980 ambula.

194 1003 233 1052 P
248 1016 299 1049 Η.
336 1007 389 1050 In
409 1005 501 1055 ius!
526 1005 754 1050 enimuero
773 999 805 1048 fi
823 1018 962 1068 porro
984 999 1067 1064 esse
1087 1003 1220 1051 odiosi
1231 1010 1431 1071 pergitis.

118 1217 170 1259 35
200 1208 243 1244 In
269 1204 399 1243 multis
429 1201 537 1242 libris
570 1203 720 1252 Faerni,

62 1259 184 1313 iisque
213 1262 368 1312 optimis
396 1260 448 1299 est
475 1258 646 1305 Alterae3
682 1269 722 1297 vt

63 1319 106 1356 in
127 1316 350 1357 Heaut.1d
378 1314 453 1369 ipfiz
481 1317 617 1355 alterae
637 1315 722 1354 dum

63 1386 210 1414 narrat.
268 1375 307 1411 B.

119 1440 174 1481 37
203 1422 335 1466 B'emb.
362 1426 489 1472 habet,
508 1426 722 1467 Iinmalam

61 1498 138 1524 rem
159 1483 241 1523 hinc
262 1496 341 1522 cum
359 1494 432 1522 etc.
475 1485 572 1522 Puto
585 1483 722 1536 legen-

62 1540 168 1587 dum,
196 1540 258 1578 In'
275 1538 362 1578 hinc
378 1538 511 1577 malam
530 1553 624 1585 rem,
660 1537 724 1577 ad-

62 1595 286 1635 uerbialiter
298 1605 336 1634 et
345 1592 533 1640 absolute3
554 1605 590 1633 vt
601 1594 722 1633 Plaut.

63 1655 186 1694 Poen.
207 1665 256 1698 11,
278 1665 305 1700 1,
324 1658 391 1702 48.
426 1651 569 1690 Malam
583 1663 723 1689 crucem

63 1707 126 1749 ibo
159 1710 294 1760 potius.
347 1707 452 1748 Vide
489 1706 634 1746 Donat.
673 1705 722 1745 ad

64 1764 219 1804 Phorm.
248 1776 308 1816 Π,
340 1774 386 1815 3,
412 1775 486 1812 21,
514 1774 554 1802 et
574 1775 642 1812 111,
681 1776 724 1816 3,

64 1832 132 1874 30.
189 1822 249 1860 Β»

123 1882 173 1928 38
207 1876 258 1913 Vt
279 1875 406 1914 Etiam
426 1874 500 1913 rire
517 1885 625 1913 acuat
643 1874 725 1915 ilti-

65 1944 169 1970 mam
205 1928 255 1968 ob
295 1929 460 1981 sequens
490 1932 723 1979 Eucliticon,

66 2000 220 2038 repone
239 1985 363 2023 Etia'm
385 1999 478 2025 num.
534 1990 573 2027 Β.

122 2055 178 2094 40
201 2044 296 2080 Prae
315 2041 491 2080 Bembini
509 2041 551 2081 Si
572 2041 643 2081 tibi
662 2042 724 2081 da-

68 2110 178 2137 retur
214 2097 339 2146 placet
381 2098 550 2148 vulgaris
595 2098 723 2137 lessio.

69 2156 168 2194 Nam
193 2151 239 2190 fic
260 2152 362 2192 And.
399 2152 486 2200 Nsst'
497 2166 550 2190 me
569 2152 725 2204 lailaffi‘s

70 2222 261 2254 amantem,
297 2222 329 2247 et
346 2206 450 2260 fhlfiz
467 2208 536 2258 spe
551 2209 726 2259 prodtice-

68 2279 142 2305 res.
172 2277 211 2304 et
234 2263 354 2312 supra,
383 2264 540 2316 Aliquid
558 2263 728 2313 corrafis

59 2321 163 2373 fim,
205 2318 424 2371 atquehinc
454 2334 507 2358 me
538 2323 727 2371 protinam

72 2379 283 2417 coniicercm
309 2379 344 2414 ιή
361 2375 477 2426 pedes.
536 2378 576 2415 13.

124 2445 178 2485 42
218 2432 320 2486 Qain
350 2443 389 2469 tu
417 2430 509 2470 mihi
535 2445 728 2485 argentum

73 2488 177 2542 cedo]
209 2490 296 2527 Hoc
313 2486 359 2525 ab
380 2498 541 2537 vtroque
561 2500 646 2526 cum
661 2489 730 2526 elz-1

73 2556 184 2585 more
205 2544 279 2582 dici
299 2542 571 2592 accipiendum
589 2544 652 2584 cst.
679 2548 730 2586 D

129 2600 209 2640 Ter.
225 2600 263 2640 C.
286 2600 328 2639 Ρ.
346 2598 395 2639 ΙΙ.

1359 1096 1428 1145 45

826 1214 879 1257 43
911 1202 955 1242 In
982 1205 1039 1243 ius
1058 1202 1220 1259 ambula]
1250 1205 1313 1246 Ad
1336 1207 1432 1246 iudi-

773 1271 858 1298 cem
877 1271 1008 1298 eamus
1036 1259 1193 1300 scilicet.
1250 1265 1348 1302 Nam
1368 1266 1432 1304 lus

772 1328 842 1367 pro
869 1316 955 1353 loco
983 1314 1047 1354 est.
1102 1318 1184 1357 Cic.
1203 1319 1325 1369 (Mur.
1348 1324 1432 1372 12.)

771 1372 1087 1427 Qandoquidem
1113 1384 1150 1413 te
1182 1377 1223 1412 in
1247 1377 1329 1413 iure
1347 1388 1429 1417 con-

759 1429 896 1480 spicio.
952 1431 1004 1469 D.

827 1496 882 1535 44
911 1484 1111 1522 Enimuero
1131 1481 1168 1531 s'
1148 1494 1296 1538 tporro
1313 1485 1438 1538 odiosi

771 1537 1028 1593 effipergitis]
1061 1541 1182 1579 Vultu
1210 1542 1431 1583 iuuandum

771 1595 833 1644 est,
845 1595 1433 1650 &pronunciationehoc,quod

771 1662 848 1690 tam
865 1652 1070 1690 minaciter
1087 1650 1336 1704 suspenditur.
1383 1654 1435 1693 E-

772 1707 957 1760 nimuero]
987 1706 1212 1754 Enimuero,
1244 1711 1434 1762 principi-

774 1777 840 1803 um
859 1762 913 1802 est
932 1763 1077 1815 aliquid
1097 1778 1167 1816 per
1193 1766 1434 1807 iracundiam

774 1819 930 1862 disturi:
962 1829 998 1858 vt
1017 1820 1117 1870 (Cic.
1138 1823 1249 1861 Verr.
1270 1835 1301 1869 1,
1330 1825 1435 1874 26),

773 1878 846 1916 Hic
865 1888 943 1914 tum
962 1874 1055 1913 alius
1073 1889 1119 1914 ex
1137 1877 1211 1915 alia
1227 1888 1335 1928 parte
1347 1905 1356 1922 ,
1385 1881 1433 1918 E-

773 1936 936 1971 nimuero
958 1930 1169 1983 hocfi‘ret?
1191 1944 1261 1972 erc.
1318 1936 1366 1973 D.

826 1988 1026 2026 Enimuero
1047 1984 1086 2037 fi'
1111 1986 1252 2041 odiost]
1283 1987 1435 2028 Turba·

774 2054 835 2082 tus
854 2043 986 2082 senum
1007 2043 1203 2082 iracundia
1225 2055 1265 2081 et
1286 2045 1435 2083 violen-

777 2102 831 2138 tia
855 2099 1060 2146 Phormio,
1094 2100 1171 2138 iam
1197 2100 1278 2138 vult
1298 2113 1436 2150 proee-

775 2156 868 2194 dere
887 2156 1062 2206 (prodere
1081 2158 1117 2194 Z.
1125 2157 1158 2205 )‚
1191 2155 1295 2205 quod
1319 2156 1434 2195 aliun

773 2210 962 2251 Clu-emes
1000 2208 1133 2249 habuit
1169 2212 1307 2251 Lemni
1346 2225 1435 2250 »xo-

775 2278 870 2304 rem.
930 2268 972 2304 E.

835 2320 962 2361 Verba
980 2321 1025 2358 In
1053 2322 1108 2359 ius
1133 2319 1301 2360 delenda
1321 2332 1433 2373 puto,

777 2378 878 2416 Nam
908 2376 983 2414 huc
1008 2376 1189 2415 videntur
1218 2377 1330 2416 trae-'la
1359 2375 1438 2417 cfl'e

780 2447 827 2472 ex
852 2430 957 2472 versu
980 2431 1438 2481 33.xb110cumlnb‹·nt;

781 2487 845 2528 sed
869 2487 929 2525 hic
950 2501 991 2524 ro
997 2498 1172 2539 pugnant
1192 2485 1438 2536 xe1·sui,n‹·c

783 2560 803 2584 a
823 2543 1013 2584 sententia
1032 2541 1303 2584 deiiderantm.
1359 2548 1387 2596 1
1391 2554 1440 2586 se

918 2603 955 2636 υ
972 2612 995 2636 o
1310 2599 1440 2639 Dena-
