1875 3292
418 180 485 240 46

823 183 1072 230 ACT.11.
1104 186 1226 232 SCE
1248 190 1305 232 N.
1335 191 1387 235 11.

557 312 829 378 Accipiunda
860 323 904 360 et
933 311 1187 360 muffitanda
1208 317 1371 366 iniuria
1387 312 1789 375 adolescentium'st.

455 404 522 454 54
553 389 637 437 Sed
659 405 790 435 nemo
812 387 950 435 dabit:
987 389 1140 437 frustra
1163 403 1339 452 egomet
1358 409 1530 439 mecum
1552 393 1628 440 has
1661 396 1790 442 ratio·

417 508 428 533 r
476 520 478 523 v
650 481 740 530 nes!
752 464 934 530 deputo.

494 611 1710 668 ACTVSSECVNDISCENAlh

810 702 1043 743 SYRvs
1102 702 1388 744 εΑΝΝια

415 823 550 953 ΤΛ
573 859 598 887 c
618 858 670 894 E,
706 849 884 901 egomet
914 843 1172 888 conueniam
1204 844 1290 888 iam
1327 841 1489 909 ipsum:
1530 841 1688 909 cupide
1721 862 1786 893 ac·

752 918 845 983 piat
863 917 974 971 faxo,
996 930 1125 983 atque
1146 919 1275 966 etiam

413 1121 417 1125 ’
469 1117 677 1174 ‚Quaestum
714 1117 914 1172 occeperis]
965 1120 1073 1159 Vett.

412 1176 526 1216 codd.
548 1176 736 1226 lnceperis.
795 1178 834 1214 L.

413 1264 418 1267 -
471 1245 520 1285 53
568 1230 830 1286 Muffitanda]
871 1231 1069 1278 Patienda,

415 1288 690 1329 confideranda
719 1301 807 1327 cum
830 1285 1001 1336 silentio,
1033 1298 1074 1327 et

411 1357 453 1385 vt
472 1346 513 1384 in
537 1355 707 1384 amatore
734 1343 927 1396 putanda,
952 1355 1072 1395 atque

412 1415 485 1454 per
503 1401 579 1444 hoc
599 1400 842 1453 perferenda.
898 1398 1072 1452 Muffita·

409 1472 452 1497 re
470 1458 578 1497 enim
596 1458 755 1512 proprie
766 1455 819 1496 est
839 1456 1070 1496 diffimulan-

412 1514 452 1554 di
481 1512 587 1554 causa
619 1526 766 1559 tacere,
798 1513 944 1552 dietum
965 1513 1027 1552 vel
1048 1526 1070 1551 a

410 1584 534 1616 muto,
569 1571 630 1610 vel
659 1569 705 1608 ab
726 1570 802 1609 M:
830 1582 931 1620 quae
959 1570 1069 1609 litera

410 1626 467 1665 est
486 1627 649 1665 nimium
670 1622 818 1677 press'ae
831 1626 930 1664 vocis
947 1639 989 1664 ac
1005 1638 1068 1676 pe-

411 1695 466 1721 ne
486 1683 651 1721 nullius:
681 1681 780 1720 adeo
799 1691 836 1718 vt
857 1678 933 1719 sola
947 1682 1068 1719 omni-

410 1751 474 1776 um
497 1751 612 1790 quum
632 1737 736 1776 inter
756 1736 903 1780 vocales
924 1737 1068 1775 incide-

410 1796 479 1839 rit,
521 1805 702 1833 atteratur
738 1804 856 1845 atque
892 1788 1064 1832 subsidat.

407 1852 513 1891 Hinc
542 1851 650 1903 Vir-g.
684 1851 801 1901 (Aen.
836 1861 918 1896 xn,
950 1853 1064 1902 657.)

408 1905 553 1958 Musstn
571 1921 639 1945 rex
657 1906 729 1956 ipfi
750 1906 916 1944 Latinus.
958 1905 1009 1944 D.

407 1986 409 1990 ·
465 1961 720 2016 Muffitanda]
751 1964 836 2001 Hoc
857 1960 1062 2010 est‚taceu-

406 2018 456 2058 da
475 2031 514 2058 et
534 2020 666 2057 animo
686 2018 935 2057 continenda.
965 2020 1008 2057 E.

461 2077 702 2127 Accipienda,
749 2089 784 2114 ct
825 2072 1060 2127 mqffimnda]

408 2132 630 2182 Querolus:
680 2132 750 2171 Sed
790 2132 965 2184 quidnam
1003 2131 1063 2168 hic

396 2188 494 2238 fiet?
523 2187 783 2239 Accipienda,
813 2198 852 2225 et
870 2187 1065 2226 muffltan·

404 2244 452 2283 da
472 2246 616 2282 iniuria
639 2245 703 2283 est.
760 2246 798 2283 L.

1663 999 1785 1045 Bene

1180 1130 1199 1160 1
1240 1118 1351 1167 Tace,
1398 1133 1538 1174 egomet
1571 1123 1781 1161 conueniam

1123 1177 1196 1214 iam
1218 1176 1351 1230 ipsism]
1381 1178 1425 1216 In
1446 1176 1514 1215 hac
1537 1178 1662 1218 Scena
1679 1179 1781 1218 aetus

1124 1231 1190 1280 est,
1215 1232 1438 1284 exemplum
1458 1233 1665 1272 continens
1680 1235 1780 1274 virae

1123 1301 1342 1336 anarorum,
1386 1290 1452 1340 qui
1486 1287 1601 1340 saepe
1637 1291 1677 1328 in
1716 1290 1780 1330 da-

1121 1358 1257 1384 mnum
1278 1345 1390 1397 ipiius
1413 1347 1596 1385 auaritiae
1619 1347 1780 1386 rationi·

1122 1399 1191 1439 bus
1220 1413 1359 1440 ruunt:
1396 1400 1505 1440 {imul
1536 1403 1650 1441 etiam
1683 1402 1779 1442 duo-

1120 1469 1204 1496 rum
1224 1459 1326 1496 inter
1342 1455 1379 1496 se
1392 1469 1562 1510 nequam
1573 1456 1779 1503 hominum

1119 1509 1324 1564 specianda
1343 1514 1534 1565 quaedam
1549 1514 1717 1565 viciffim,
1737 1526 1777 1557 et

1120 1567 1252 1608 dolosa
1272 1571 1397 1622 captio
1421 1569 1486 1609 est.
1553 1571 1658 1619 Tace,
1694 1586 1776 1627 ego·

1118 1639 1190 1664 met
1211 1630 1424 1664 coum-niam
1443 1629 1516 1664 iam
1534 1626 1669 1681 ipsum]
1706 1631 1776 1668 Ta-

1118 1694 1166 1726 ce,
1187 1680 1211 1720 sr
1238 1694 1308 1733 pro
1339 1680 1526 1720 aduerbio
1547 1682 1621 1729 est,
1652 1685 1775 1723 omni-

1117 1735 1186 1775 bus
1206 1737 1357 1776 dicitur.
1389 1737 1414 1776 fi
1436 1751 1505 1789 pro
1527 1738 1646 1777 verbo
1666 1743 1775 1791 poni·

1117 1804 1196 1840 tur,
1241 1793 1379 1832 dicitur
1400 1793 1628 1845 Ctefiphoni
1649 1797 1774 1835 maxi.

1115 1862 1180 1888 me
1202 1846 1384 1896 sollicito,
1420 1861 1457 1889 et
1479 1847 1711 1902 supplicanti
1732 1866 1774 1891 o·

1114 1905 1282 1954 mnibus,
1311 1905 1516 1944 obmetum
1530 1908 1656 1958 patris.
1689 1910 1771 1950 lam

1112 1973 1257 2008 autem,
1291 1976 1371 2000 non
1393 1962 1573 2002 tarditatis
1595 1963 1665 2012 est,
1702 1963 1769 2006 sed

1113 2019 1396 2071 properationis
1415 2018 1650 2071 iigniricatio.
1679 2023 1729 2061 D.

1168 2076 1270 2123 'I'acc‚
1287 2089 1427 2130 egomet
1439 2076 1669 2130 conueniant]
1692 2080 1770 2117 Ae-

1114 2127 1265 2169 schinus
1295 2130 1540 2183 posteaquam
1567 2132 1768 2174 verberato

1112 2187 1260 2226 lenone
1281 2187 1439 2226 abduxit
1458 2189 1674 2237 mulierem,
1707 2203 1769 2230 ve·

1112 2242 1320 2283 hementer
1347 2245 1470 2283 timuit
1501 2243 1595 2294 (Nili
1624 2245 1769 2284 excidit

463 2313 513 2354 54
554 2301 702 2349 Frustra
730 2312 873 2354 egomet
903 2297 1058 2352 mecum]
1099 2300 1249 2351 fiater,
1283 2311 1347 2338 aut
1378 2297 1588 2351 Ctestphon,
1621 2304 1767 2355 Eugra-

402 2358 706 2407 Praeparationis
728 2369 863 2410 genus,
892 2355 940 2394 ad
965 2357 1060 2394 acci·
1110 2355 1581 2408 phiusreprehendendus
1593 2356 1767 2409 estquod

402 2413 565 2462 pit-ndns
598 2414 735 2465 viginti
765 2414 910 2459 minas,
942 2413 1058 2451 totius

402 2466 573 2506 summae
591 2467 819 2520 desperatio.
874 2472 923 2511 D.

459 2529 627 2564 Fam-nus
665 2526 787 2563 edidit
810 2539 920 2575 puto,
954 2522 1058 2577 quod

399 2582 543 2631 reperit
575 2585 614 2618 in
647 2581 775 2619 ssemb.
808 2594 848 2620 et
876 2581 1056 2621 Vifloria-

401 2647 466 2674 no.

400 2761 482 2789 oum
500 2751 664 2792 rationes
676 2761 781 2801 puto.
836 2755 876 2790 B.

1112 2424 1212 2463 quae
1241 2413 1336 2451 dixit
1357 2411 1591 2464 Ctefiphon,
1631 2426 1676 2452 ea
1706 2415 1765 2452 tri·

1110 2467 1237 2507 buerit
1263 2465 1453 2508 Aeschino
1487 2468 1573 2519 2.),
1609 2483 1661 2508 ne
1690 2469 1764 2509 hoe

1109 2536 1216 2576 pater
1242 2524 1400 2563 audiret.
1461 2525 1621 2565 Mandat
1646 2527 1764 2578 igitur

1108 2580 1234 2628 seron,
1279 2592 1315 2619 vt
1346 2582 1498 2621 lenonis
1527 2582 1762 2623 iracundiam

527 2639 685 2685 Repone
722 2651 812 2676 vero
850 2638 920 2676 Sed
953 2640 1053 2677 nemb
1102 2636 1269 2689 frangat.
1324 2639 1369 2677 E.

400 2691 526 2730 dabie:
545 2693 698 2741 sitifim
728 2693 790 2731 has
818 2697 958 2747 egomet
984 2707 1064 2750 meo·

1156 2695 1257 2734 Cum
1276 2693 1381 2733 nuua
1399 2691 1462 2733 hic
1479 2691 1647 2741 fitanimi
1661 2705 1761 2732 com·

1608 2760 1760 2797 -mouu,
