1875 3292
411 243 510 302 423

823 227 980 277 ACT.
1011 228 1045 274 Ι.
1081 228 1282 279 SCEN.
1310 230 1364 277 IL

552 352 650 405 GE.
674 358 796 405 Senis
810 354 958 410 nostri,
978 360 1118 409 Daue,
1142 358 1320 405 fratrem
1334 359 1544 406 maiorem
1559 357 1782 420 Chremen

551 428 759 482 Nostin'?
795 430 842 480 D
855 446 905 478 A.
945 433 1131 496 quidni?
1172 429 1223 480 G
1237 438 1280 480 E'.
1319 433 1458 499 quid?
1489 436 1581 481 eius
1601 444 1783 495 gnatum

656 506 942 557 Phaedriam?

461 601 520 650 15
557 583 662 636 DA.
699 589 937 648 Tanquam
961 593 1016 631 te.
1051 578 1157 631 GE.
1195 586 1344 634 euenit
1374 584 1542 634 senibus
1573 583 1786 633 ambobus

656 658 796 713 fimul,

558 740 648 784 Iter
670 736 732 783 illi
753 738 800 783 in
820 738 1038 782 Lemnum
1057 746 1103 784 vt
1118 733 1238 790 esset,
1263 734 1410 784 nostro
1435 737 1482 782 in
1506 736 1701 784 Ciliciam

563 811 635 862 Ad
656 811 873 878 hospitem
892 812 1145 875 antiquom:
1178 815 1220 860 is
1250 812 1395 860 senem
1417 828 1497 877 per
1520 812 1717 877 epistolas

427 1026 511 1074 sum
538 1032 628 1086 90.)
667 1031 772 1074 Senis
797 1030 934 1084 nostri,
963 1033 1084 1080 Daue,

418 1090 608 1144 fratrem]
653 1089 830 1130 Narratio
874 1088 938 1128 hic
977 1087 1088 1129 sumit

430 1145 656 1193 exordium,
690 1145 818 1197 quod,
850 1154 896 1184 vt
923 1156 1089 1197 oportet,

428 1200 479 1240 ab
497 1214 547 1241 eo
565 1202 718 1253 incipit,
734 1199 841 1254 quod
862 1198 941 1240 sciri
953 1201 1090 1254 potest.

430 1258 554 1309 Quod
594 1257 735 1312 virgil.
781 1256 1089 1309 frequentissime

431 1314 550 1354 dixit:
579 1324 618 1353 vt
637 1316 760 1366 (Aen.
783 1327 834 1362 11,
865 1314 967 1366 81.),
993 1313 1090 1354 Fan·

430 1371 480 1411 do
499 1370 642 1424 aliquid
648 1366 690 1420 fi
693 1370 804 1422 fhrte
824 1382 906 1410 tuas
921 1373 1090 1424 peruenit

432 1427 484 1467 ad
502 1440 606 1468 aures
617 1426 768 1466 Belidae
779 1439 909 1466 nomen
931 1425 1093 1466 Palame-

433 1483 502 1524 dis.
558 1486 605 1524 Et
623 1483 746 1534 (Aen.
764 1496 801 1529 X,
828 1485 932 1532 20.)‚
966 1484 1096 1523 Cernis

432 1552 479 1580 vt
515 1539 690 1591 insultent
717 1538 879 1582 Rutuli?
919 1541 1017 1578 Item
1053 1540 1094 1578 in

434 1594 648 1645 Eunucho,
687 1596 817 1645 Hanc,
850 1607 961 1648 quam
984 1608 1096 1643 amat,

436 1651 587 1701 nostin?
638 1654 683 1691 E.

498 1719 545 1760 13
578 1706 682 1746 Senis
699 1705 836 1757 nostri,
866 1705 989 1753 Daue,
1009 1705 1097 1756 fra-

437 1775 533 1804 trem
555 1762 750 1815 maiorem]
785 1761 960 1800 Dicendo
980 1761 1096 1809 Senis,

436 1818 606 1857 ostendit
624 1826 663 1856 et
680 1814 963 1855 adolescentem
985 1814 1096 1856 sedo-

437 1874 592 1914 minum
618 1872 775 1912 habere.
816 1872 982 1911 dicendo
1012 1873 1098 1911 No-

428 1930 517 1985 stri,
547 1929 716 1968 ostendit
733 1925 809 1968 effe
829 1930 1011 1968 alienum.
1042 1929 1097 1967 di-

440 1987 568 2025 cendo
589 1986 768 2030 lintrem,
791 1999 872 2023 non
892 1999 1007 2023 vnum
1023 1982 1098 2024 effe

439 2043 678 2083 monstrauit.
707 2040 872 2080 dicendo
901 2043 1098 2089 Maiorem,

441 2099 560 2139 etiam
588 2098 748 2138 minoris
777 2096 869 2136 fecit
898 2096 1096 2136 indicium.

441 2153 506 2195 Sic
547 2154 768 2206 argumenti
804 2163 948 2205 partem
983 2154 1100 2192 maxi·

440 2224 543 2253 marn
567 2209 744 2249 nondum
763 2223 932 2252 narrans,
966 2210 1038 2248 iam
1058 2211 1096 2248 in

442 2266 522 2318 ipsa
559 2267 868 2317 interrogatione
904 2263 1097 2318 transegit.

441 2325 549 2362 Hace
571 2331 696 2362 nutem
718 2323 846 2361 omnia
862 2332 1098 2374 propterpo-

444 2379 577 2430 pulum
601 2378 646 2417 (ic
673 2391 851 2429 ngnmur.
902 2379 996 2418 Ideo
1018 2379 1098 2426 ille,

442 2433 590 2486 Quidni
615 2434 728 2484 dixit,
766 2447 814 2473 ne
844 2433 883 2474 fit
905 2448 999 2485 opus
1018 2435 1099 2485 plu·

444 2489 548 2530 ribus
570 2490 705 2529 verbis.
765 2490 863 2529 Senis
883 2489 1005 2542 nostri,
1022 2491 1098 2528 Da-

441 2558 500 2588 ue,
523 2546 708 2600 fratr-cm]
748 2548 893 2588 Mirum
917 2559 1097 2595 compen-

441 2600 548 2639 dium
570 2603 807 2640 nai-rationis.
840 2602 939 2653 quast
960 2613 1028 2654 pen·
1043 2603 1094 2640 in-

443 2658 748 2708 terrogationem
768 2657 867 2704 fecit,
891 2671 942 2698 ne
961 2671 1007 2697 ex
1021 2658 1097 2697 alto

442 2723 648 2765 repeteret.
703 2714 766 2754 Sic
780 2713 891 2768 Virg.
912 2715 1094 2767 (Aen-11,

1693 887 1791 935 Pel-

1138 1034 1226 1087 81.)
1255 1033 1383 1074 Fando
1397 1032 1545 1087 aliquid
1552 1031 1594 1086 fi
1600 1031 1712 1085 forte
1733 1042 1795 1071 tu-

1136 1103 1177 1130 as
1200 1086 1369 1143 peruenit
1405 1091 1454 1129 ad
1481 1103 1608 1140 aures,
1646 1087 1796 1128 Belidae

1138 1149 1276 1196 nomeni
1287 1146 1507 1194 Palamedis,
1529 1160 1564 1184 et
1581 1143 1719 1196 inclyta
1729 1145 1799 1196 fa·

1138 1216 1208 1242 ma.
1265 1207 1337 1252 Et,
1370 1202 1520 1255 Nostin·
1549 1201 1663 1248 hanc,
1689 1213 1798 1255 quam

1138 1272 1238 1299 amat
1244 1259 1403 1312 frater?
1432 1259 1472 1297 in
1484 1257 1684 1300 Eunucho.
1718 1260 1766 1297 D.

1199 1326 1250 1369 14
1269 1316 1377 1371 Qitl
1387 1317 1404 1356 ?
1421 1319 1498 1353 eius
1508 1327 1664 1370 gnatum
1680 1312 1799 1352 Phae·
1867 1365 1873 1369 .

1142 1371 1317 1427 driam2]
1348 1375 1438 1410 Non
1452 1371 1561 1418 dixit,
1582 1369 1672 1424 quid
1682 1368 1797 1409 Phae·

1144 1429 1288 1468 driam:
1316 1427 1379 1468 sed
1399 1426 1566 1475 addidit,
1594 1429 1683 1467 Eius
1709 1439 1801 1480 gna-

1144 1498 1247 1526 tum.-
1276 1495 1315 1523 vt
1341 1483 1464 1536 magis
1496 1483 1659 1531 docere,
1685 1495 1801 1533 quam

1145 1541 1389 1594 interrogare
1407 1539 1613 1579 videretur.
1670 1537 1776 1592 Qid
1786 1541 1801 1578 ?

1146 1599 1223 1637 eius
1248 1609 1403 1652 gnatum
1423 1594 1694 1648 Phaedriam?]
1721 1596 1800 1635 De·

1146 1653 1199 1693 est
1219 1652 1321 1704 nosti.
1376 1653 1425 1691 D.

1195 1710 1436 1747 Accentuum
1451 1707 1545 1744 ratio
1558 1703 1739 1753 suadet‚vt
1751 1705 1800 1744 le-

1147 1761 1739 1818 gas,Nostine?Qidni?Qid?
1759 1765 1798 1802 13.

1207 1831 1254 1871 ις
1301 1820 1490 1870 Tanquam
1523 1816 1571 1864 te]
1610 1820 1646 1857 O
1685 1819 1803 1857 varie-

1148 1886 1220 1921 tas,
1252 1871 1412 1926 quidni?
1438 1883 1618 1925 tanquam
1647 1885 1696 1913 te.
1755 1873 1803 1922 Ε-

1147 1933 1271 1979 uenit,
1303 1929 1459 1980 senibus
1495 1927 1666 1970 ambobus
1686 1928 1805 1980 fimul

1147 1988 1240 2041 iter]
1286 1990 1378 2027 Non
1416 1988 1551 2025 euenit
1587 1986 1680 2026 iter:
1721 1983 1800 2035 sed,

1148 2043 1285 2083 euenit
1314 2053 1353 2082 vt
1386 2043 1458 2082 iter
1488 2039 1592 2081 esset.
1661 2041 1802 2097 Simul]

1148 2103 1239 2141 Vno
1259 2110 1446 2149 tempore.
1503 2100 1550 2138 D.

1202 2154 1348 2195 Diuide
1360 2153 1528 2202 verbum,
1542 2165 1580 2193 et
1591 2155 1679 2205 lege
1701 2155 1801 2203 Tam,

1147 2224 1255 2264 quam
1283 2225 1328 2250 te.
1369 2222 1403 2249 vt
1436 2213 1533 2251 Eun.
1564 2224 1630 2258 lv,
1663 2224 1708 2262 4,
1740 2224 1803 2263 50.

1147 2268 1238 2307 Tam
1249 2266 1347 2319 fiio.
1364 2280 1473 2320 quam
1492 2281 1545 2306 mc
1565 2269 1704 2305 viuere.
1734 2270 1774 2307 12.

1207 2326 1256 2366 16
1284 2323 1343 2362 Illi
1369 2326 1407 2363 in
1436 2323 1609 2364 Lemnum
1635 2336 1676 2361 vt
1705 2321 1803 2376 cffbr]

1148 2381 1263 2421 Refte
1286 2391 1440 2426 tacetur,
1460 2379 1729 2420 cui-Chremes
1750 2379 1806 2417 ie·

1148 2436 1217 2475 rit:
1249 2448 1286 2474 ct
1321 2435 1457 2473 dicitur
1490 2448 1556 2474 cur
1589 2433 1802 2486 Demipho.

1151 2502 1353 2544 vtrumque
1380 2503 1450 2543 pro
1479 2502 1709 2544 argumento
1738 2488 1802 2528 cst.

1206 2614 1255 2653 17
1295 2602 1356 2642 Ad
1383 2601 1561 2656 hospitem
1594 2601 1804 2658 antiquum]

1148 2659 1208 2699 Sic
1227 2659 1478 2711 x·i1·g.(Aen.
1508 2670 1584 2704 ιη,
1613 2660 1700 2706 82.)
1742 2657 1807 2695 Ve-

1147 2727 1332 2770 neremque
1343 2713 1532 2768 Anchisem
1550 2714 1700 2768 agnouit
1718 2715 1806 2751 ami·

1708 2781 1801 2810 cum.
