1827 3180
662 110 1025 157 PHORMIO.
1419 128 1518 176 59¹

272 241 384 293 NA.
419 242 529 289 Satis
558 236 751 288 tibiest?
782 233 883 288 ΡΗ.
918 241 1060 287 immo
1092 254 1198 287 vero
1225 241 1414 306 pulchre
1448 245 1525 292 dis-

368 318 494 370 cedo,
525 329 567 365 et
587 317 741 383 probe,

271 399 329 444 Et
349 405 521 461 praeter
542 395 678 459 spem.
719 391 833 442 NA.
866 401 996 439 tuum
1018 407 1184 441 nomen
1211 391 1280 440 dic
1297 395 1419 459 quod
1446 394 1521 446 est.

371 467 703 520 PH.mffimW

171 551 240 600 60
274 548 508 596 Phormio:
550 546 711 594 vestrae
739 544 925 592 familiae
956 544 1106 592 hercle
1140 545 1328 599 amicus,
1364 557 1409 594 et
1440 559 1521 595 tuo

375 624 569 670 summus
597 621 848 670 Phaedriae.

271 697 386 749 NA.
421 699 658 752 Phormio,
695 709 737 744 at
767 714 851 758 ego
881 694 1043 745 ecastor
1076 695 1257 763 posthac
1286 697 1365 744 tibi
1398 699 1519 762 quod

373 785 546 838 potem,
566 786 609 822 et
631 789 742 839 quae
761 774 896 826 voles,

275 852 537 915 Faciamque
577 861 620 897 et
663 850 814 896 dicam.
867 846 968 896 PH.
1007 848 1200 911 benigne
1245 849 1366 897 dicis,
1405 847 1517 897 NA.

372 927 451 993 pol
474 923 732 973 meritum‘st
752 938 895 972 tuum.
932 978 934 980 ,

277 1001 377 1054 Pu.
414 997 517 1050 Vin’
539 1004 736 1067 primum
760 1002 892 1048 hodie
923 1000 1075 1056 facere,
1098 999 1219 1065 quod
1246 1016 1330 1062 ego
1356 1002 1519 1064 gaude-

373 1094 457 1130 am,
479 1075 755 1131 Nausistrata,
1379 1080 1381 1083 ’

279 1157 337 1203 Et
357 1153 477 1218 quod
497 1165 576 1201 tuo
599 1155 695 1201 viro
715 1153 833 1201 oculi
857 1151 1062 1203 doleant?
1102 1152 1210 1202 NA.
1250 1156 1398 1219 cupio.
1428 1152 1518 1203 PH.

377 1246 449 1277 me
466 1229 525 1275 ad
546 1244 729 1276 coenam
751 1246 869 1276 voca.

179 1309 246 1369 65
280 1302 379 1353 NA.
417 1305 494 1352 Pol
518 1320 623 1352 vero
646 1321 771 1351 voco.
813 1302 918 1351 DE.
954 1320 1102 1350 eamus
1128 1306 1244 1351 intro
1269 1303 1386 1352 hinc·
1421 1300 1517 1353 CH.

378 1379 474 1427 fiat:
506 1379 575 1427 sed
596 1380 667 1428 vbi
687 1378 745 1426 est
767 1380 991 1432 Phaedria,

1383 1456 1521 1504 Iudex

146 1601 259 1644 amici
288 1596 342 1641 sui
370 1611 522 1654 patrem
546 1596 674 1639 odffl‘e
701 1598 808 1639 vide-
855 1596 904 1638 ab
928 1595 1196 1645 auc'loreell'er,
1219 1612 1300 1640 non
1317 1600 1432 1647 Mihi,
1452 1598 1517 1642 sed

147 1672 220 1701 tur.
274 1660 362 1698 Huc
387 1656 558 1705 accedit,
591 1656 696 1707 quod
728 1651 807 1710 pul·
855 1655 1030 1695 Meumne
1056 1654 1251 1695 intuliss'et.
1310 1660 1350 1697 Β.

147 1716 238 1758 chre
258 1714 438 1766 dzfiedere
456 1713 649 1752 diciturin
664 1713 719 1758 iis,
740 1713 806 1764 qui

913 1713 966 1754 60
1005 1711 1148 1766 Vestrae
1179 1712 1354 1764 fvm.·'iiae
1400 1712 1518 1753 hercle

148 1773 193 1813 in
212 1773 301 1821 lite,
332 1767 459 1818 causa,
486 1782 618 1821 pugna
638 1767 806 1820 superio-

149 1840 209 1868 res
230 1827 412 1873 eundum,
432 1826 612 1876 adeoque
631 1824 680 1864 de
689 1825 808 1866 Chre-

149 1896 255 1925 mete
274 1883 370 1923 illud
391 1881 706 1934 intelligendum.
739 1885 779 1921 B.

207 1953 259 1993 59
295 1940 354 1980 Tu
373 1951 475 1978 tuum
495 1952 624 1977 nomen
644 1937 721 1992 dic]
740 1940 807 1978 Be-

153 2010 205 2036 ne
235 1997 293 2035 Tu
311 1995 545 2048 pronomine
562 1995 696 2033 vtitur:
720 1995 809 2046 quia

151 2065 235 2093 non
263 2051 378 2091 habet
404 2058 563 2090 nomen.
617 2053 716 2090 Nam
744 2063 810 2101 po-

151 2109 365 2148 tentiorum
384 2107 694 2146 blandimentum
716 2110 812 2145 circa

153 2163 356 2204 inferiores
375 2161 449 2200 hoc
469 2162 563 2209 suit,
595 2174 632 2200 vt
652 2164 811 2200 nomina

155 2233 291 2259 eornm
331 2229 580 2269 quaererent:
621 2229 661 2257 et
691 2230 810 2268 quum

155 2273 366 2319 audill'cnt,
393 2272 480 2324 ipsss
502 2273 723 2312 nominibus
746 2286 812 2312 eos

156 2332 440 2383 compellarent
457 2329 590 2369 statim.
650 2331 812 2368 'l'aleest

155 2391 198 2427 in
222 2385 423 2436 Adelphis,
440 2385 520 2435 Qui
532 2385 686 2427 vocare?
708 2387 810 2431 Geta,

156 2444 338 2484 hommem
351 2445 514 2480 maxumi
523 2443 647 2493 pretii,
661 2452 732 2479 etc.
761 2444 809 2481 D.

211 2501 323 2553 Lege
345 2512 429 2536 cum
450 2498 547 2539 Cod.
569 2501 660 2549 Reg.
688 2497 744 2538 Tu
767 2501 811 2536 η’-

157 2554 196 2595 bi
233 2569 364 2596 nomen
396 2555 455 2593 dic
481 2554 581 2607 quod
615 2552 671 2603 est.
725 2557 752 2594 P
767 2567 809 2593 H.

156 2614 270 2654 Min?
299 2611 487 2651 Phormio.
542 2610 673 2653 Namfi
693 2611 808 2652 Tuum

855 1767 1008 1822 amicus]
1039 1771 1122 1808 Hoc
1144 1781 1304 1821 propter
1324 1770 1518 1822 Antipho-

857 1827 917 1864 nis
957 1824 1160 1864 amicitiam
1200 1826 1305 1865 (lixit.
1363 1826 1410 1864 Et
1455 1839 1518 1864 tuo

844 1880 1014 1932 ficmmus
1028 1879 1251 1936 Phaedriae]
1274 1884 1431 1930 Amicus,
1450 1884 1518 1922 ite

856 1951 941 1976 rum
961 1935 1276 1977 subaudiendum.
1334 1941 1382 1978 D.

915 1997 968 2047 64
999 1993 1067 2032 Me
1085 1994 1135 2032 ad
1151 2007 1294 2033 coenam
1318 1995 1427 2049 voca]
1456 1997 1518 2034 Fa-

859 2061 945 2089 cete
966 2063 1012 2089 ex
1032 2047 1195 2101 persona
1214 2050 1424 2101 paralitica,
1455 2051 1520 2090 be-

861 2107 989 2144 neh‘cii
1004 2107 1110 2156 optio
1126 2105 1220 2144 saeta
1231 2105 1294 2153 est,
1316 2106 1421 2158 quod
1433 2122 1520 2159 pro-

861 2160 1013 2200 miserat
1037 2163 1187 2200 mulier.
1244 2163 1293 2201 D.

917 2221 968 2270 65
999 2217 1069 2255 Sed
1092 2217 1152 2256 vbi
1172 2216 1218 2267 est
1239 2217 1434 2267 Phaedria,
1464 2222 1520 2258 iu·

861 2273 933 2311 dex
955 2273 1130 2326 noster?]
1164 2276 1272 2312 liene
1298 2274 1440 2313 ludex:
1470 2277 1519 2317 ad

860 2329 964 2367 illum
987 2330 1093 2367 enirn
1108 2330 1280 2367 mulieris
1299 2332 1423 2370 delata
1436 2329 1520 2372 sen·

861 2385 984 2424 tentia
1007 2383 1083 2426 est:
1114 2396 1150 2422 tt
1171 2399 1286 2435 quum
1310 2388 1360 2425 ita
1379 2389 1518 2440 agitur,

862 2450 939 2479 tuta
959 2440 1029 2479 lint
1049 2441 1184 2478 marito
1203 2442 1343 2481 omnia.
1389 2446 1520 2496 Etpet·

860 2502 1017 2544 sime-122
1046 2496 1207 2536 l'ldlcule
1235 2497 1370 2538 (licitur
1396 2501 1442 2538 ab
1472 2515 1517 2542 ea

861 2565 960 2606 quae
981 2553 1072 2591 irata
1095 2563 1184 2592 erat.
1243 2558 1293 2595 D,

914 2609 986 2650 Sed
1006 2609 1069 2649 vlu
1088 2608 1134 2664 est
1151 2608 1349 2658 Phaedria,
1359 2612 1471 2650 iudex
1482 2613 1515 2666 J

1430 2672 1513 2707 Pio*
