1875 3308
621 194 920 244 ADELPH.

1350 204 1442 251 109

213 331 266 376 ln
295 320 514 374 medio'st;
553 323 638 389 ipsa
661 324 814 383 virgo3
852 335 921 367 res
942 318 1052 384 ipsa:
1090 318 1162 365 hic
1193 319 1307 366 Geta

213 406 450 452 Praeterea,
473 411 519 447 vt
541 411 690 464 captus
715 394 774 443 est
794 396 1034 446 seruorum,
1067 410 1158 439 non
1183 392 1337 446 malus,

120 493 182 544 35
218 482 379 541 Neque
401 478 542 527 iners.
578 475 652 521 alit
674 472 789 528 illas3
825 470 937 518 solus
959 484 1139 516 omnem
1159 466 1365 515 familiam

81 689 155 733 go,
185 672 337 716 sublatis
355 670 589 726 superciliie,‘
607 669 736 712 dicen-

80 734 174 774 dum
201 731 273 777 est,
309 732 351 770 In
377 732 494 769 medio
522 728 580 781 est.
637 730 735 768 Nam

80 789 225 830 lentius
247 788 401 838 (lentus)
420 797 511 835 erat,
532 784 557 824 ii
577 783 735 834 diceret,

84 844 234 894 Praesto
257 843 313 897 est.
372 847 421 884 D.

137 901 269 940 Mater
286 899 447 953 virgmis
466 894 650 942 inmedio]
673 891 734 935 Ad

82 966 163 995 rem
194 954 495 994 confirmandam
520 952 653 991 testem
673 949 736 989 ad-

82 1010 193 1050 hibet
214 1008 409 1056 accusator,
437 1006 555 1061 ipsam
577 1006 735 1060 virginis

83 1079 257 1114 matrem,
286 1077 325 1106 et
345 1078 425 1104 rem
444 1061 560 1116 ipsam
586 1062 694 1111 dixit,
726 1091 735 1100 .

84 1153 94 1162 .
127 1153 134 1161 .
167 1152 176 1161 .
208 1152 216 1161 .
263 1124 346 1174 (W.
387 1132 411 1161 e
452 1117 523 1163 Ms.
556 1119 735 1158 lacunam

1273 541 1444 592 Susten-

785 667 1016 710 dominatur.
1072 668 1121 708 Et
1139 665 1214 721 hoe
1230 665 1332 717 ideo,
1350 668 1441 720 quia

784 723 932 767 seruum
960 723 1122 764 euenire
1149 722 1317 770 bonum,
1356 737 1442 764 non

785 783 881 822 ratio
901 779 954 820 est
974 791 1037 819 aut
1054 789 1208 827 natura,
1244 774 1442 819 sed⁵calhs

784 837 858 886 est,
885 847 1017 888 vtpote
1044 837 1084 874 in
1112 847 1154 873 re
1173 835 1371 874 rariffima:
1401 845 1442 875 vt

784 893 839 941 fit,
871 905 914 932 vt
937 903 1061 944 captus
1078 889 1124 941 ςβ
1141 889 1365 942 fimorum,
1400 891 1442 930 id

784 948 849 998 est,
874 960 1039 988 euentus
1059 946 1113 985 est
1134 947 1175 985 in
1193 943 1326 986 seruis.
1387 948 1441 988 Vn

785 1016 910 1059 captus
927 1003 975 1057 est
986 1002 1200 1056 fimorum]
1231 1002 1275 1042 1d
1294 1001 1370 1050 est,
1403 1014 1443 1043 vt

784 1059 822 1101 se
858 1059 977 1099 habet
1008 1057 1182 1098 conditio
1224 1055 1440 1098 seruorum.

785 1115 964 1159 Afranius
998 1115 1036 1154 in
1066 1114 1301 1162 Simulante,
1334 1114 1371 1153 Is
1397 1127 1442 1154 vt

83 1176 277 1230 suppleuit
295 1177 364 1224 fic3
393 1190 436 1216 vt
462 1188 583 1215 eorum
615 1175 736 1213 mulie-
772 1172 971 1224 seruorum
999 1183 1124 1224 captus
1152 1169 1217 1221 est,
1253 1169 1443 1221 facillime

82 1248 151 1274 res.
209 1233 284 1274 Sed
308 1233 420 1272 verba
435 1231 515 1271 fine
527 1228 643 1270 sensu.
672 1233 736 1270 ln-

85 1290 221 1342 tenige
241 1290 376 1340 potius,
401 1299 552 1341 partum
569 1288 736 1340 virginis,

84 1346 161 1390 vel,
190 1343 356 1384 mlieris.
383 1347 454 1397 2.).
514 1343 576 1384 Ad
602 1341 737 1392 postre-

82 1413 190 1440 mum
222 1400 397 1439 adiunxit
423 1411 461 1438 et
491 1396 640 1438 seruum
661 1397 736 1437 Ge-

84 1468 172 1505 tam,
193 1455 242 1494 de
260 1469 337 1506 quo
356 1454 464 1494 facile
485 1454 593 1505 poffit
610 1453 738 1503 inqui-

86 1513 130 1556 ri,
152 1524 189 1550 vt
208 1510 392 1550 :uestibus
404 1524 461 1549 res
474 1509 665 1561 probetur.
695 1510 735 1548 E.

143 1579 192 1620 33
226 1566 308 1618 Ipfiz
328 1568 452 1621 virgo]
473 1566 737 1614 Scilicerquae

80 1622 128 1662 in
150 1620 380 1663 Aeschinum
403 1633 511 1660 reum
529 1631 568 1660 et
587 1619 687 1658 testis
697 1628 737 1657 et

83 1680 229 1717 crimen
252 1677 318 1717 est.
374 1677 520 1717 Etideo
538 1675 653 1722 addit,
665 1673 736 1713 Res

84 1733 189 1787 ipsit:
219 1733 254 1771 id
275 1732 327 1773 est
347 1732 499 1785 pondus
518 1731 624 1778 vteri,
650 1742 738 1769 exa·

82 1789 152 1829 &ix
161 1788 207 1828 ad
219 1788 448 1842 pariendum
459 1786 664 1830 mentibus.
688 1785 736 1826 D.

137 1846 211 1885 Hic
236 1843 345 1891 Gen]
375 1843 482 1885 Prisc
504 1842 528 1883 l.
547 1854 624 1884 vn.
654 1844 693 1882 L.

141 1911 196 1954 34
226 1901 441 1949 Praeterea,
467 1910 511 1941 vt
545 1907 670 1951 captus
689 1894 738 1948 est

77 1955 286 2009 strumum,
309 1969 381 1994 non
400 1953 534 2002 malus]
553 1953 614 1995 Ad
629 1952 735 1999 haec,

91 2012 351 2064 intelligamus
372 2012 481 2050 aliter
495 2010 581 2059 dici,
600 2022 674 2049 non
683 2011 737 2048 in·

86 2080 201 2106 ene-
220 2069 430 2106 Sacrum.-
458 2067 577 2114 aliter,
599 2069 739 2105 noniu-

93 2121 380 2173 ermnseruum:
409 2122 535 2170 aliter,
564 2135 639 2161 non
661 2134 738 2160 ma·

91 2178 165 2216 lum
185 2178 386 2229 Scipionem
402 2178 484 2229 effi:
513 2178 634 2225 aliter,
664 2187 738 2216 non

93 2233 382 2284 mahamseruurn
399 2234 472 2287 effi.
532 2234 740 2279 Praeterea,

95 2301 135 2327 ve
156 2288 298 2384 captus}
325 2295 410 2341 An,
437 2300 621 2342 quantum
639 2289 742 2339 capit

92 2346 267 2384 animus*
292 2347 441 2393 emilia,
482 2356 631 2384 tantum
660 2356 741 2383 non

93 2401 227 2447 malus,
256 2411 384 2452 neque
406 2403 506 2441 iners
525 2401 649 2442 Geta?
678 2406 741 2441 An

91 2468 137 2495 vt
155 2469 277 2508 captus
287 2455 331 2508 est
339 2456 536 2506 seruorum,
559 2452 743 2508 quemad·

91 2512 251 2551 modum
272 2508 382 2563 saepe
400 2514 654 2565 aucupiumin
676 2509 743 2550 ser-

93 2569 153 2606 ui»
182 2565 368 2606 habendis
396 2567 540 2607 bonum
576 2565 743 2611 euenit?

93 2624 147 2662 Vt
158 2623 196 2660 in
211 2634 323 2674 captu
334 2624 476 2671 auium,
496 2623 557 2662 vel
570 2619 739 2674 piscium,

92 2680 157 2717 vol
179 2677 344 2719 serarum
364 2680 572 2731 plurimum
589 2677 743 2720 fortuna

785 1229 891 1269 domo
909 1240 1019 1282 atque
1038 1225 1162 1278 nostra
1180 1225 1335 1278 familia
1351 1238 1444 1278 pro-

785 1285 975 1324 uenditur.
1029 1286 1132 1336 Ergo
1160 1281 1262 1336 (Ego
1284 1281 1357 1326 Ms.
1378 1282 1444 1334 Β.)

786 1352 911 1394 captus
938 1338 1077 1379 sortem
1097 1339 1289 1392 intelligo.
1347 1337 1442 1379 Non

784 1395 914 1448 malus]
945 1395 986 1435 ld
1006 1394 1070 1442 est,
1089 1393 1224 1432 fidelis.
1277 1395 1328 1433 D.

840 1451 890 1490 Vt
909 1461 1033 1503 captus
1062 1448 1110 1500 est
1127 1449 1341 1500 fimorum,
1370 1461 1446 1490 nm

785 1504 912 1553 malus]
933 1504 1276 1556 Quemadmodum
1290 1504 1445 1559 (Qan-

785 1575 892 1616 quam
910 1564 972 1612 Z.)
992 1561 1082 1600 mali
1101 1557 1179 1599 esse
1197 1558 1351 1612 poffunt
1369 1559 1444 1600 ser-

786 1620 846 1669 ui,
875 1618 967 1657 ficut
991 1616 1047 1655 est
1075 1628 1204 1667 captus
1231 1614 1441 1664 seruorum,

785 1674 827 1714 id
847 1671 912 1718 est,
932 1672 1119 1711 conditio.
1174 1673 1218 1711 E.

841 1726 978 1771 Versus
997 1727 1115 1780 gratia
1137 1738 1302 1778 repone,
1329 1725 1444 1766 Prae-

786 1790 896 1833 terea}
918 1794 963 1823 vt
981 1795 1106 1836 captas
1116 1782 1357 1833 struolorum
1382 1782 1442 1836 est,

785 1854 861 1881 non
885 1839 1009 1879 malus.
1067 1842 1106 1878 B.

839 1907 892 1951 35
921 1896 1052 1948 Neque
1077 1893 1192 1940 iners]
1221 1893 1264 1934 1d
1285 1892 1360 1942 est,
1389 1908 1442 1934 at·

788 1961 866 1994 tem
889 1951 1037 1991 habens
1061 1949 1167 2002 (Vid.
1188 1949 1235 1988 ad
1253 1950 1356 1990 And.
1380 1963 1443 1999 111,

789 2019 833 2063 5,
865 2009 935 2060 2.).
989 2007 1166 2047 Oratorie
1186 2005 1360 2044 futurum
1389 2018 1445 2046 te·

788 2065 881 2105 stem
901 2073 940 2104 et
958 2063 1126 2102 indicem
1150 2060 1296 2100 laudat:
1315 2060 1444 2102 sedne

789 2119 968 2172 improbe
989 2118 1118 2158 facere
1139 2116 1334 2166 videatur,
1363 2131 1446 2168 par-

788 2178 867 2216 cius
896 2176 936 2215 id
963 2174 1061 2215 facit.
1087 2187 1168 2212 non
1201 2174 1307 2212 enim
1333 2173 1446 2219 dixit,

790 2233 905 2271 bonus
924 2244 960 2270 et
976 2229 1128 2282 βίης.-
1160 2226 1243 2275 sed,
1274 2229 1377 2279 quod
1401 2230 1446 2267 in

791 2287 900 2328 seruo
920 2286 1065 2334 sufficit,
1088 2298 1163 2324 non
1182 2284 1310 2331 malus,
1332 2297 1448 2338 neque

791 2346 901 2384 iners.
956 2346 1002 2382 Et
1040 2339 1269 2393 proferendi
1300 2341 1447 2392 (prote-

789 2398 901 2456 gendi
927 2399 985 2448 Z)
1014 2400 1139 2436 Getae
1165 2395 1260 2434 haec
1278 2397 1448 2437 maxime

792 2452 900 2494 causa
920 2452 994 2493 est:
1024 2463 1076 2492 ne
1097 2450 1201 2501 quod
1223 2453 1448 2504 permittere

792 2510 969 2550 videatur
1013 2509 1053 2547 in
1099 2505 1208 2546 seruo
1251 2510 1449 2560 pauperis,

793 2567 957 2605 atrocius
969 2562 1034 2603 fiat
1049 2565 1123 2616 (ne,
1134 2561 1318 2617 quodmos
1329 2576 1448 2617 perna.

793 2624 866 2661 vid.
878 2625 916 2660 in
928 2621 968 2672 s
974 2621 1160 2672 pauperis,
1178 2623 1340 2659 atrocius
1348 2634 1448 2675 agat.

792 2679 856 2729 Ζ.)
891 2680 936 2719 Et
973 2675 1081 2716 fimul
1106 2683 1146 2714 Π
1174 2671 1269 2715 hflec
1295 2682 1453 2723 προθερά-

1338 2747 1454 2776 πΜις
