1827 3180
567 230 944 302 PHORMIO„

1322 241 1418 296 559

182 370 406 414 Tutatur:
446 377 548 408 nam
571 377 621 406 ex
644 360 710 406 his
736 358 925 424 praediis
948 349 1106 404 talenta
1128 355 1297 416 arg'enti
1318 356 1421 404 bina

178 443 334 490 Statim
355 439 574 503 capiebat:
615 436 735 494 hem,
755 437 821 482 vir
840 437 936 482 viro
956 433 1064 497 quid
1087 430 1290 497 praestat!
1323 429 1422 480 DE.

279 515 413 562 binan
434 513 590 577 quaeso
602 507 628 561 ’ἓ

179 590 232 642 N
249 603 297 640 Α.
339 595 403 636 Ac
427 582 563 636 rebus'
581 586 810 636 vilioribus
827 584 990 648 multo,
1015 593 1164 631 tamen
1186 584 1344 630 talenta
1357 583 1422 631 bi·

282 683 351 713 na.
389 662 492 711 DE.
533 659 636 714 hui!

181 738 295 791 NA·
348 741 469 795 Quid
511 740 617 786 haec
661 733 898 786 videntur?
940 733 1046 783 DE.
1088 732 1260 785 scilic'et.
1303 734 1421 784 NA.

283 820 427 864 virum
449 832 519 861 me
542 826 689 862 natam
712 812 896 862 vellem!

85 906 145 945 10
180 893 280 956 Ego
302 891 593 939 ostenderem.
632 889 727 938 DE.

279 965 327 1016 D
344 975 388 1014 E.
423 983 554 1033 parce
580 966 718 1015 sodes,

103 1168 130 1216 6
163 1164 225 1210 Ex
252 1168 311 1208 his
332 1167 523 1223 praediis]
562 1157 634 1208 ΜΓ.
665 1171 709 1210 R.

47 1235 92 1268 et
131 1239 223 1267 vett.
265 1225 376 1266 codd.
403 1224 467 1263 Ex
487 1224 575 1277 fiais
606 1237 714 1278 prae-

51 1287 137 1325 diis.
199 1287 241 1325 L.

107 1352 134 1392 7
173 1338 312 1378 Statim
345 1334 530 1390 capiebat]
576 1335 715 1376 Statim

54 1406 266 1449 perpetuo,
295 1395 522 1445 aequaliter,
551 1404 590 1430 et
611 1392 713 1444 quali

54 1466 132 1492 vno
151 1451 258 1498 statu,
316 1448 609 1501 Plaut.(Amph.
635 1462 666 1495 1,
689 1461 716 1496 1,

58 1511 172 1559 120.)
211 1508 269 1545 Im
301 1505 431 1557 statim
461 1503 565 1556 stant
586 1503 710 1558 figna.

53 1566 103 1604 Et
116 1563 231 1602 habet
241 1564 403 1614 primam
416 1562 585 1614 longam.
597 1574 715 1612 quan·

56 1620 108 1659 do
131 1631 259 1658 autem
280 1617 467 1672 fignificat
483 1615 610 1666 aliud,
643 1617 716 1667 pri-

55 1686 158 1716 mam
185 1676 347 1714 breuem
371 1673 496 1712 habet.
553 1676 602 1714 D.

113 1732 185 1772 Vir
209 1733 294 1770 viro
324 1730 416 1783 quid
429 1727 645 1783 praestatl]
676 1727 718 1768 1d

59 1788 125 1837 est,
150 1785 324 1828 Interest.
380 1789 423 1826 E.

53 1887 57 1893 J
114 1846 214 1886 Cum
234 1842 382 1886 Statim,
402 1839 627 1894 sisignificat
638 1852 720 1877 con-

55 1899 220 1953 stanter,
245 1897 395 1954 singulis
415 1900 533 1942 annis,
561 1896 720 1948 perfine-

57 1970 187 1998 ranter
205 1970 240 1994 et
250 1956 459 2008 aequaliter,
478 1954 632 1992 auctore
643 1955 722 1991 No-

61 2015 130 2052 nio
162 2012 350 2052 Marcello
381 2011 544 2063 primam
583 2007 723 2059 produ-

62 2081 143 2113 cat3
175 2064 304 2106 versus
336 2067 457 2120 gratia
487 2064 632 2104 colloca
654 2066 720 2104 Ca-

58 2124 187 2178 piebat
209 2122 348 2173 statim.
405 2124 612 2164 Caeterum
651 2131 722 2172 pro

62 2179 242 2220 Bembini
263 2179 384 2217 Binan
405 2190 542 2217 omnes
559 2177 649 2216 libri
660 2189 724 2216 ex·

62 2234 204 2275 hibent
221 2235 328 2274 Bina.
384 2237 426 2274 B.

123 2352 145 2395 8
176 2348 229 2386 vt
249 2336 373 2384 versus
402 2336 483 2392 stet,
517 2339 607 2383 de1e
628 2336 725 2382 iliud

66 2402 217 2450 Multo,
262 2401 366 2453 quod
407 2415 429 2439 a
461 2398 570 2439 sensu
611 2400 726 2449 plane

68 2474 153 2499 non
189 2459 411 2509 requiritur.
469 2454 630 2497 Deinde
664 2469 728 2493 no·

67 2516 132 2556 stri
161 2527 297 2554 omnes
326 2525 412 2552 cum
434 2511 530 2552 Edd.
553 2523 644 2554 vett.
667 2510 730 2549 ha·

69 2570 170 2611 bent
189 2571 277 2610 Duo
301 2570 453 2610 talenta.
513 2572 553 2608 B.

127 2695 154 2737 9
182 2683 243 2724 Ne
262 2683 403 2721 mulier
428 2678 496 2719 fibi
525 2677 602 2731 ipsa
622 2691 734 2731 repu-

75 2751 183 2795 gnet,
216 2750 255 2779 et
276 2734 537 2777 soloecismum
561 2737 734 2774 rommit-

74 2807 138 2845 tat,
158 2808 229 2848 pro
246 2797 389 2837 Natam
408 2803 557 2846 repone
574 2793 734 2841 Natum,

763 902 883 937 certo
896 887 996 936 scio.
1032 879 1133 934 NA.
1163 903 1255 952 quo
1274 884 1420 953 pasto.

1366 1038 1430 1087 Vt

764 1179 815 1206 ex
842 1163 978 1207 Bemb.
1004 1175 1045 1205 et
1063 1163 1162 1206 Cod.
1189 1163 1317 1204 nostro
1343 1175 1428 1217 900

764 1236 971 1262 annorum.
1024 1224 1066 1261 B.

826 1293 875 1321 10
909 1279 1025 1317 Parce
1041 1277 1174 1331 dees]
1214 1279 1313 1318 Cum
1347 1290 1427 1315 rnu-

765 1335 839 1374 lier
861 1334 925 1380 est,
947 1335 1064 1384 (Cum
1082 1335 1264 1371 mulierem
1284 1332 1427 1384 effieZ.)

766 1389 915 1430 vidisset
943 1390 1048 1429 domi
1083 1387 1252 1439 forisque
1279 1390 1430 1427 iracun-

767 1448 830 1486 dia
861 1444 1082 1485 suscitatam.
1138 1445 1200 1485 Est
1229 1445 1334 1484 enim
1360 1459 1432 1483 na-

768 1503 890 1541 turale
913 1503 1142 1549 mulierum,
1187 1502 1239 1539 vti
1265 1499 1314 1539 de
1339 1501 1430 1539 viris

768 1570 993 1611 querantur,
1019 1558 1189 1597 maxime
1210 1558 1234 1595 li
1258 1554 1362 1608 ipsae
1373 1557 1430 1595 di-

768 1616 867 1654 uites
906 1610 1004 1653 sunt.
1076 1616 1171 1653 Eam
1210 1624 1431 1664 temperare

770 1672 959 1710 continuo
974 1668 1106 1716 voluit,
1123 1669 1257 1707 dicens
1271 1667 1430 1716 causam,

770 1739 858 1766 cum
896 1727 1025 1778 puella
1064 1738 1182 1776 quam
1211 1722 1433 1778 persuasura

769 1783 833 1829 fit,
863 1793 903 1822 vt
923 1780 1111 1830 discedat,
1140 1794 1222 1819 non
1242 1783 1328 1821 leue
1350 1795 1432 1820 ver-

770 1840 910 1879 borum
928 1837 1099 1877 futurum
1125 1834 1202 1882 ess‘e
1216 1848 1432 1876 certamen.

771 1895 956 1936 Chremes
974 1895 1174 1947 recognita
1192 1893 1288 1939 filia,
1318 1905 1436 1944 quae·

772 1953 818 1991 rit
836 1966 857 1990 a
875 1951 1143 2002 Demiphone,
1163 1956 1224 1991 Au
1247 1951 1376 1988 clatum
1390 1949 1434 1987 fit

772 2019 993 2061 argentum,
1014 2006 1116 2058 quod
1135 2006 1265 2045 datum
1287 2006 1434 2052 nollet3

774 2065 1009 2118 generaliter
1028 2073 1179 2102 tantum
1199 2063 1301 2107 dicit,
1323 2063 1435 2100 abdu-

774 2123 808 2160 ci
829 2133 902 2158 non
923 2119 1029 2172 poffl.
1084 2122 1133 2159 Et
1155 2118 1228 2157 hoe
1250 2119 1355 2168 (huic
1374 2119 1436 2169 Z.)

775 2174 1010 2228 prospiciens
1032 2186 1115 2213 non
1136 2186 1270 2226 aperte
1292 2173 1364 2211 hoc
1381 2175 1436 2211 lo-

774 2235 910 2284 quitur,
941 2231 1046 2282 quod
1069 2230 1293 2269 Phormioni
1315 2230 1437 2268 nollet

774 2300 980 2341 argentum
999 2287 1087 2332 dari,
1106 2287 1337 2337 generaliter
1355 2295 1438 2331 tan·

777 2354 855 2382 tum
886 2344 998 2386 dicit,
1028 2342 1166 2380 abduci
1197 2354 1278 2380 non
1309 2337 1438 2393 possm

779 2396 929 2438 causam
950 2411 1121 2448 ponenS,
1152 2397 1255 2448 quod
1278 2408 1438 2448 vterque

780 2452 817 2493 se
836 2455 990 2507 dilignt;
1022 2465 1059 2493 et
1083 2453 1183 2500 dicit,
1211 2451 1439 2504 comperisse

781 2510 884 2562 quod
913 2511 976 2548 illa
1005 2510 1048 2548 {it
1068 2520 1245 2562 cognata.
1304 2512 1439 2561 Quan-

784 2575 862 2606 tum
894 2566 1041 2618 potest,
1074 2566 1112 2603 in
1136 2566 1361 2605 memoriam
1384 2578 1442 2605 re-

783 2635 923 2662 uocare
955 2622 1033 2660 vult
1060 2620 1174 2675 lignis
1197 2621 1440 2672 quibusdam,

784 2679 887 2731 quod
911 2676 1107 2728 Demipho
1138 2678 1319 2731 inteiligit
1347 2686 1440 2732 (vn-

783 2740 825 2775 de
853 2734 1038 2786 Demipho
1069 2732 1251 2789 intelligat
1279 2736 1340 2786 Z.)
1371 2733 1440 2775 tili-

783 2806 844 2832 am
865 2789 966 2831 suam
985 2787 1075 2830 effe.
1131 2793 1176 2832 E.
