1875 3292
431 192 526 253 366

842 188 1000 234 ACT.
1035 187 1253 233 V.“SCE
1266 187 1327 233 N.
1360 189 1392 233 Ι.

561 321 650 364 LA.
674 320 820 364 Immo
833 331 938 363 vero
951 313 1042 362 abi:
1074 314 1262 378 aliquam
1281 331 1423 380 puero
1439 318 1657 364 nutricem
1677 334 1798 383 para.

533 461 835 518 Achs
882 460 1225 531 QvtNTr
1285 460 1589 514 scENA.
1651 463 1686 514 1.

796 551 1083 594 BACCHIS.

1148 549 1408 592 LACHES.

423 689 519 807 N
536 713 562 743 o
587 713 620 741 N
664 693 750 746 hoc
784 691 838 739 de
868 682 1083 743 nihilo'st,
1119 688 1239 753 quod
1260 689 1424 736 Laches
1456 668 1576 738 nime
1598 707 1670 738 me
1693 709 1797 741 con-

659 780 837 816 uentam
859 763 942 813 esse
971 768 1154 831 expetit:

558 851 659 896 Nec
679 846 756 910 pol
780 859 849 897 me
870 843 1060 890 multum
1080 842 1200 896 fallit,
1223 843 1345 905 quin,
1367 840 1489 906 quod
1509 840 1711 908 suspicor,
1744 841 1795 892 sit

659 920 780 986 quod
808 919 924 968 velit.

423 1141 621 1197 acceperis
665 1139 929 1192 Phidippum:
978 1137 1082 1190 quafi

424 1217 508 1245 non
548 1209 724 1253 oporteat
767 1193 950 1235 intereffe
981 1193 1080 1234 soce·

423 1273 522 1302 rum.
578 1256 672 1296 ldeo
698 1263 818 1293 mutat
847 1249 1083 1292 sententiam

422 1315 583 1362 Laches,
604 1323 644 1352 et
663 1312 812 1364 relegat
829 1323 919 1348 eum
941 1310 981 1347 in
997 1322 1082 1360 pro-

423 1371 662 1413 curationem
683 1365 838 1405 alterius
858 1366 926 1404 rei.
980 1367 1030 1405 D.

483 1439 561 1479 104
600 1426 797 1464 Nutricem
832 1422 944 1474 paru]
993 1424 1078 1471 Pro,

423 1495 583 1538 quaere.
641 1484 689 1521 D.

480 1542 594 1580 Immo
619 1549 706 1576 vero
741 1533 824 1588 ahi]
864 1536 906 1573 1η
937 1529 1008 1576 Ms.
1038 1535 1080 1572 R.

422 1607 463 1636 et
482 1607 570 1634 vett.
591 1607 674 1632 vern
696 1590 812 1629 deest.
869 1591 910 1629 L.

483 1664 500 1693 1
536 1651 628 1689 Nou
648 1648 715 1685 hoc
737 1647 778 1684 de
797 1644 912 1683 nihilo
927 1643 991 1697 est]
1013 1647 1080 1684 Ra·

423 1720 489 1747 rus
518 1707 618 1744 vitae
628 1704 732 1741 color
744 1703 781 1739 in
797 1701 864 1737 hac
879 1700 1081 1737 locutione

421 1760 600 1803 miscetur
612 1774 632 1798 a
651 1763 775 1798 Puera.
788 1759 882 1795 Nam
896 1755 1077 1793 meretrix

420 1821 593 1869 loquitur
621 1827 659 1853 et
680 1812 814 1851 senex:
846 1823 884 1850 et
904 1808 1008 1861 quod
1026 1810 1078 1847 est

424 1874 651 1918 mirabilius,
666 1870 767 1908 bona
779 1867 1077 1914 meren-ix,mitis

421 1930 552 1970 senex.
595 1939 632 1966 vt
669 1925 863 1977 intelligas
892 1920 1077 1961 laborass'e

418 1992 449 2029 Ἱ
459 1986 666 2030 eremium,
689 1993 724 2021 vt
744 1992 783 2019 et
805 1994 824 2018 a
844 1981 931 2031 lege
947 1978 1077 2018 Comi-

421 2057 555 2082 corum
587 2039 809 2082 recederet,
850 2047 890 2073 et
926 2037 964 2073 in
995 2035 1075 2073 achi

419 2111 567 2138 tantum
591 2092 912 2136 consuetudinem
938 2091 1077 2129 retine-

420 2167 489 2195 ret.
510 2156 599 2193 Non
612 2153 677 2190 hoc
689 2151 729 2189 de
741 2149 854 2188 mlnlo
869 2148 934 2201 cst]
948 2145 1077 2187 Debet

418 2212 544 2251 mirari
559 2209 874 2256 met·etrix‘,qtuun
886 2204 931 2242 ad
945 2201 1076 2241 senem

416 2269 593 2306 ducitur:
626 2263 744 2303 debet
768 2262 924 2306 timere,
955 2272 1074 2310 quum

417 2324 466 2363 ad
496 2334 666 2374 patrem:
699 2317 817 2358 debet
838 2313 1011 2367 suspicari
1036 2329 1073 2353 a.

418 2379 562 2430 liquid,
594 2377 701 2416 cuius
733 2384 878 2414 amator
907 2373 980 2411 iam
999 2385 1075 2410 ma-

416 2437 510 2474 ritus
533 2433 596 2474 est.
658 2432 750 2470 Non
777 2430 839 2468 hoc
866 2428 908 2466 de
936 2426 1074 2481 nihilo]

416 2489 698 2531 Coniessuralis
730 2483 837 2525 causa
865 2485 936 2524 est:
971 2484 1076 2523 Reci-

415 2548 475 2599 pis
488 2544 725 2595 Pamphilum
737 2543 749 2584 ?
763 2555 840 2580 non
855 2541 1011 2591 recipio.
1026 2542 1076 2578 D.

477 2602 568 2640 Non
588 2599 653 2637 lvoc
671 2600 713 2637 dc
736 2596 850 2636 m'bdo
868 2596 932 2650 est]
965 2598 1071 2635 Haec

414 2659 539 2699 scena
560 2657 676 2694 mixta
689 2653 753 2693 est.
817 2656 912 2692 Nam
929 2663 1070 2691 ercun-

1694 997 1793 1043 LA.

1133 1136 1198 1187 est,
1219 1136 1322 1189 quod
1352 1150 1442 1177 reus
1460 1137 1584 1191 (quod
1601 1151 1661 1178 rea
1672 1139 1731 1189 Z.)
1750 1137 1793 1179 fit

1132 1195 1352 1233 iniuriarum
1372 1208 1419 1233 ex
1438 1194 1526 1240 hoc,
1558 1194 1663 1246 quod
1685 1198 1794 1235 Pam-

1133 1249 1280 1302 philum
1299 1251 1468 1301 recipiat,
1500 1252 1692 1300 meretrix,
1723 1264 1795 1303 po.

1131 1306 1324 1358 steaquam
1347 1306 1457 1345 duxit
1477 1320 1644 1347 rxmem.
1685 1308 1792 1348 Con-

1131 1363 1322 1403 ieeturalis
1343 1362 1396 1401 est
1416 1360 1533 1402 causa.
1590 1366 1717 1417 Negat
1734 1361 1792 1403 es·

1131 1416 1170 1458 se
1198 1417 1336 1458 sactum
1367 1419 1452 1458 hoc.
1512 1421 1648 1469 Quum
1667 1433 1793 1473 ‘argu-

1131 1487 1262 1516 menta
1284 1473 1481 1522 deficiunt,
1502 1473 1597 1514 fides
1625 1475 1792 1524 efficitur

1131 1545 1203 1584 per
1225 1544 1371 1585 genera
1393 1531 1619 1579 testimonii,
1649 1545 1692 1570 ac
1715 1533 1790 1584 pri·

1130 1602 1236 1627 mum
1259 1600 1327 1638 per
1343 1587 1611 1635 inlitu-andum,
1643 1587 1789 1626 deinde

1131 1657 1200 1695 per
1221 1642 1336 1681 fidem
1355 1654 1648 1682 tormentorum.
1687 1646 1785 1682 Nam

1128 1696 1256 1738 seruus
1288 1699 1522 1748 promittitur
1551 1699 1678 1749 (Nam
1706 1700 1788 1750 fir-

1126 1767 1193 1792 uas
1214 1757 1404 1804 promittit
1419 1752 1511 1802 ficas
1539 1754 1600 1804 7..)
1641 1755 1680 1793 iu
1710 1766 1788 1793 tor-

1127 1820 1270 1849 menta.
1333 1811 1490 1859 Quibus
1535 1812 1648 1847 rebus
1695 1823 1783 1850 cum

1127 1877 1286 1919 purgata
1313 1867 1496 1906 meretrix
1528 1865 1664 1912 suerit,
1700 1879 1785 1918 per-

1128 1920 1303 1962 suadetur
1322 1924 1371 1970 ei,
1404 1934 1442 1960 vt
1462 1921 1508 1960 ad
1523 1933 1682 1961 matrem
1701 1935 1785 1975 per-

1128 1990 1202 2032 gat,
1223 1978 1372 2016 iurandi
1395 1979 1525 2030 gratia.
1584 1981 1627 2018 E.

1184 2035 1372 2076 Meliores
1393 2033 1480 2073 libri
1502 2034 1694 2072 collocant
1712 2035 1784 2073 Me

1127 2103 1222 2129 nunc
1253 2105 1280 2129 c.
1320 2093 1356 2130 Β.
1415 2092 1516 2131 Cum
1545 2089 1692 2129 Laches
1722 2089 1784 2129 hie

1127 2161 1208 2185 non
1236 2146 1285 2185 de
1305 2149 1427 2187 Scena
1456 2144 1588 2193 abea13
1616 2147 1784 2188 Daceria

1126 2203 1281 2242 demum
1312 2201 1394 2252 post
1423 2204 1586 2243 Scenam
1631 2213 1784 2242 tertnam

1125 2260 1241 2298 Actus
1266 2259 1416 2310 quinti,
1449 2256 1548 2296 finiri
1573 2256 1703 2297 censet
1730 2262 1787 2300 A·

1123 2316 1225 2354 &um
1246 2326 1435 2365 quartum.
1493 2317 1532 2353 Z.

1180 2384 1206 2413 2
1237 2370 1319 2411 Nec
1335 2371 1402 2423 pol
1419 2384 1472 2409 me
1488 2369 1778 2422 multumflant,

1155 2431 1216 2466 ,vin
1255 2428 1354 2480 quod
1379 2426 1574 2480 suspicor]
1604 2425 1711 2465 Ordo
1742 2434 1784 2464 et

1127 2440 1252 2523 Jensus
1274 2483 1335 2522 hic
1355 2481 1418 2530 est,
1441 2482 1674 2533 Necpolme
1686 2481 1783 2519 mul-

1125 2551 1205 2578 tum
1225 2537 1332 2579 fallit.
1353 2539 1448 2589 quin
1468 2536 1571 2588 quod
1584 2537 1686 2584 velit,
1707 2534 1782 2573 hoc

1123 2594 1165 2634 fit
1195 2594 1298 2645 quod
1338 2591 1520 2645 suspicor:
1562 2592 1643 2635 vel.
1685 2592 1782 2642 quin

1123 2650 1226 2701 quod
1249 2647 1422 2701 suspicor,
1443 2650 1483 2688 iit
1504 2648 1575 2687 hoc
1596 2647 1700 2698 quod
1715 2660 1781 2686 ve-

414 2712 618 2752 trouessiae
647 2707 812 2760 speciem
840 2718 945 2746 tenet
967 2707 1069 2746 Deli·
1118 2706 1172 2745 lit.
1228 2706 1357 2755 Ordo,
1402 2705 1511 2757 Quin
1544 2702 1647 2755 quod
1676 2702 1779 2749 velit,

412 2771 619 2807 bei-atium.
656 2762 1066 2805 Controueriiainhoc

1738 2758 1779 2796 iit
