1875 3292
396 221 492 280 448

795 212 953 261 AcT.
988 211 1026 259 1.
1063 211 1257 259 SCEN.
1291 211 1364 259 111.

530 349 592 395 Vt
622 357 766 408 neque
795 341 906 392 mihi
938 342 1031 389 eius
1065 337 1116 387 fit
1149 339 1398 396 amittendi,
1430 357 1513 389 nec
1543 341 1761 398 retinendi

631 421 771 484 copia.

436 514 495 563 25
531 494 615 546 Sed
640 494 745 558 quid
777 494 862 541 hoc
891 491 981 542 est?
1018 490 1178 541 videon
1213 507 1296 554 ego
1323 495 1481 541 Getam
1511 502 1759 543 currentem

631 571 719 617 huc
739 565 978 617 aduenire?

531 649 575 694 Is
599 644 659 692 est
679 645 818 710 ipsus:
856 645 929 691 hei
952 645 1088 692 timeo
1108 643 1246 699 miser,
1265 659 1397 709 quam
1418 643 1489 692 hie
1509 661 1627 693 nunc
1646 643 1756 694 mihi

629 722 808 769 nunciet
824 722 942 767 rem!

489 866 796 924 ACTVS
866 865 1132 919 PRIMI
1198 865 1496 918 SCENA
1556 865 1663 921 IV.

611 957 794 998 GETA.
852 956 1152 996 ANTIPHO.
1207 957 1548 998 PHAEDRIA.

397 1090 540 1211 Nv
561 1113 588 1144 1.
608 1113 635 1144 1.
657 1113 686 1143 v
705 1111 725 1141 s
765 1108 834 1167 ens,
877 1095 1012 1151 Geta3
1052 1093 1130 1140 nifi
1161 1097 1246 1143 iam
1278 1094 1453 1161 aliquod
1480 1094 1558 1144 tibi
1590 1092 1759 1144 conffliss

661 1187 740 1220 um
762 1171 900 1220 celere
916 1173 1187 1238 reppereris:

454 1389 511 1431 24
536 1374 758 1426 amittendi,
788 1387 852 1415 nec
869 1373 1053 1415 retinendi

401 1437 525 1489 copia]
572 1432 727 1474 Seruius
773 1430 943 1474 Aeneid.
989 1444 1045 1481 xx,

427 1504 584 1588 919³lacet
640 1545 781 1593 leffio,
840 1557 955 1596 quam
1007 1542 1050 1581 in

397 1602 526 1644 Codd.
546 1600 666 1641 tribus
696 1599 840 1652 reperi,
866 1610 905 1639 et
922 1601 1052 1650 Guye·

402 1668 460 1696 tus
485 1659 525 1695 in
547 1660 732 1705 Puteano,
750 1658 831 1703 Ius,
858 1669 928 1706 pro
948 1656 1048 1694 Eius.

398 1717 554 1764 Nempe
574 1725 656 1750 non
675 1713 737 1750 Ius
756 1711 964 1757 amittendi,
994 1722 1049 1747 re-

399 1767 601 1821 pudiandi,
622 1766 672 1805 ob
684 1768 804 1819 leges,
819 1765 954 1816 quibus
966 1777 1048 1802 coa-

399 1825 480 1864 ἕως
504 1836 590 1863 eam
609 1821 787 1861 duxerat:
820 1834 901 1860 non
931 1820 1047 1872 Copia

399 1880 603 1928 retinendi,
647 1878 698 1917 ob
730 1888 889 1929 patrem.
949 1878 1048 1916 Nam

396 1936 479 1983 Ius,
515 1935 619 1986 quod
649 1933 730 1972 fieri
758 1934 870 1979 licet;
912 1932 1042 1984 Copia,

398 1991 505 2045 quod
525 1990 606 2029 fieri
625 1988 762 2043 potest.
819 1991 859 2028 B.

453 2050 506 2091 26
536 2046 609 2086 Hei
637 2049 746 2086 timeo
764 2043 887 2095 mifir,
920 2043 1045 2097 quam]

395 2105 511 2144 Retio
530 2104 605 2142 iam
626 2104 752 2141 timet:
783 2102 869 2151 quia
889 2101 928 2138 in
940 2111 1046 2138 metu

395 2157 546 2211 semper
563 2158 617 2198 est
634 2156 810 2210 praesaga
820 2157 1042 2196 malimens.

396 2219 446 2256 Et
464 2218 538 2255 Hei
556 2214 773 2253 interiefflo
793 2208 1046 2265 ingemiscen-

396 2273 444 2309 tis
477 2271 539 2310 est.
571 2282 608 2310 vt
637 2274 756 2322 (Aen.
783 2282 846 2317 xl,
874 2269 957 2321 57.)
989 2267 1046 2305 hei

394 2327 496 2375 mihi,
519 2340 693 2381 quantum
720 2323 952 2375 Praestdium,
972 2325 1045 2362 Au-

383 2384 516 2434 sonia,
561 2396 595 2421 et
625 2395 803 2436 quantum
833 2393 876 2421 tu
905 2380 1043 2433 perdis,

395 2439 498 2478 Iule!
553 2442 604 2480 D.

450 2494 572 2534 Nostri
586 2493 712 2535 Codd.
736 2493 898 2532 meliore
911 2503 1046 2530 nume-

394 2562 450 2597 ro,
471 2552 588 2599 Qum
606 2551 664 2589 hic
682 2550 775 2589 mihi
793 2562 886 2587 manc
896 2562 929 2587 n.
942 2562 971 2587 r.
1002 2549 1042 2586 B.

455 2617 471 2646 1
507 2605 644 2644 Nullus
672 2621 725 2653 es,
756 2604 868 2647 Geta]
899 2607 941 2643 ln
973 2602 1043 2641 hae

394 2661 515 2700 Scena
541 2658 638 2699 serui
664 2660 925 2700 concurrentis
942 2660 1045 2710 (επιν-

393 2718 508 2758 remis
533 2716 629 2760 Edd.
658 2729 750 2758 ante
777 2715 934 2770 steph.)
965 2712 1044 2755 offi-

1639 1311 1642 1313 ‚
1688 1249 1752 1294 Ita

1101 1373 1203 1413 cium
1229 1371 1304 1420 est,
1333 1373 1500 1414 tendens
1526 1371 1573 1412 ad
1603 1378 1762 1425 pertur·'

1100 1430 1302 1470 barionem
1339 1430 1593 1482 AntiphoniS,
1636 1441 1753 1480 quem

1101 1497 1250 1537 oportet
1275 1485 1401 1531 abefl'e
1428 1501 1450 1526 a
1468 1483 1666 1536 conspessu
1687 1498 1777 1538 pa·=

1101 1544 1165 1582 tris
1193 1540 1308 1594 vsque
1338 1542 1386 1582 ad
1408 1542 1672 1596 coguitionem
1694 1552 1754 1579 re·

1100 1613 1207 1645 rum,
1249 1609 1287 1638 et
1328 1597 1538 1645 καταςςσῷιίν
1573 1596 1749 1635 Fabulae.

1100 1656 1131 1694 C
1132 1653 1293 1704 onfi'lium
1306 1657 1425 1698 celere]
1444 1656 1525 1693 Hoc
1536 1651 1642 1692 celere
1654 1663 1747 1690 neu-

1099 1709 1406 1748 traliterdicitur.
1466 1708 1516 1746 D.

1156 1764 1291 1804 Nullus
1320 1779 1373 1810 es,
1399 1763 1506 1810 Geta]
1536 1764 1642 1801 Haec
1660 1764 1749 1803 See*

1098 1834 1147 1859 nn
1178 1821 1364 1858 nuncium
1391 1831 1498 1858 tenet
1519 1819 1666 1857 domini
1686 1832 1748 1858 ve-

1097 1877 1251 1914 nientis.
1309 1875 1427 1915 Vnde
1448 1873 1609 1912 turbatio
1628 1873 1748 1913 efficit

1096 1932 1271 1984 (efficitur
1289 1932 1350 1982 Z.)
1371 1930 1618 1982 Antiphontis,
1641 1929 1748 1980 quod

1098 1999 1246 2040 patrem
1284 1984 1392 2026 suum
1435 1985 1564 2024 audiat
1596 1986 1744 2035 venire,

1097 2043 1200 2095 quod
1239 2055 1286 2082 eo
1325 2040 1482 2082 absente
1516 2042 1625 2080 duxit
1659 2055 1749 2081 vxo-

1096 2112 1187 2139 rem.
1242 2102 1283 2139 E.

1149 2156 1224 2195 Iam
1253 2154 1403 2208 aliquod
1430 2153 1518 2207 tibi]
1548 2156 1592 2193 In
1621 2155 1665 2194 V.
1694 2153 1750 2194 C.·

1095 2210 1165 2250 tihi
1195 2211 1312 2250 deest.
1363 2209 1450 2249 Vid.
1477 2208 1647 2250 Priscian.
1677 2209 1743 2249 lib.

1095 2279 1179 2308 vn.
1237 2263 1429 2318 Constlium
1476 2266 1598 2311 celere]
1648 2262 1745 2305 Dio.

1094 2323 1195 2362 med.
1215 2323 1275 2361 lib.
1289 2333 1324 2362 2.
1343 2319 1449 2360 Prisc.
1462 2320 1545 2359 libr.
1557 2334 1595 2361 v.
1649 2323 1688 2361 L.

1148 2380 1322 2430 Repone,
1355 2375 1508 2416 Ntillu’s
1530 2375 1645 2421 Gm‘3
1675 2371 1748 2424 rust

1094 2435 1245 2487 Aliquod
1260 2438 1332 2472 iam
1354 2432 1546 2483 cotffalium
1563 2433 1670 2470 celere
1689 2433 1745 2470 νέ-

1088 2492 1238 2543 pereris.
1295 2491 1392 2528 Nam
1421 2489 1597 2539 plerique
1623 2485 1742 2525 nostri

1096 2546 1241 2585 habent
1273 2544 1461 2597 Repereris
1491 2557 1561 2595 pro
1602 2541 1741 2581 Faerni

1094 2602 1259 2641 leffione
1280 2601 1477 2652 Καρμανίη
1510 2596 1605 2639 Cod.
1627 2598 1673 2638 O.
1691 2599 1739 2638 C.

1094 2668 1131 2696 et
1155 2655 1369 2703 Priscianus,
1388 2655 1552 2707 Aliquod
1569 2655 1661 2699 iam3
1680 2652 1740 2694 Τῖ-

1092 2712 1130 2755 bc‘
1147 2713 1248 2766 apud
1266 2710 1438 2755 Priscian.
1458 2708 1572 2751 deest.
1621 2705 1667 2749 B.
1735 2702 1740 2708 ’
