1827 3180
566 239 572 243 .
632 198 976 246 PHORMIO.

1377 210 1471 257 445

264 336 382 380 Nam
406 340 479 377 tua
502 328 677 392 quidem
698 327 843 374 hercle
861 335 980 373 certo
1005 325 1090 373 vita
1110 324 1214 372 haec
1239 322 1474 389 expetenda

361 405 634 470 optandaque
657 401 730 450 est.

265 485 331 529 Ita
362 497 434 528 me
465 477 526 526 Di
556 480 668 526 bene
698 486 866 532 ament,
903 486 951 524 vt
979 475 1087 523 mihi
1118 475 1240 524 liceat
1267 485 1354 522 tam
1384 474 1471 527 diu,

360 555 478 619 quod
501 572 611 607 amo,
632 554 740 610 frui3

266 635 360 679 Iam
379 630 583 697 depecisci
602 641 744 678 morte
766 629 918 695 cupio:
953 637 1001 674 tu
1020 628 1222 676 coniicito
1240 636 1417 680 caetera,

187 794 321 832 Amore
338 790 517 847 abundas]
546 793 630 832 Hoc
649 791 711 842 est,
741 792 782 831 ti-

1418 715 1474 762 15

830 790 905 831 hoc
926 785 1001 834 est,
1028 788 1090 828 vel
1117 787 1261 829 tantillo
1281 793 1471 838 tempore.

138 846 177 888 bi
206 848 307 900 quod
339 848 525 888 defideras
551 848 716 888 abundat
743 857 782 886 et
819 845 944 897 Qod
962 858 1056 892 amo,
1070 844 1180 898 frus]
1209 841 1325 883 Deest
1342 845 1475 887 E02vt

136 905 282 957 praesto
301 903 365 954 est,
388 917 517 956 neque
535 916 640 956 egeS.
682 907 724 945 E.

196 972 243 1002 12
281 961 382 1000 Nam
409 973 473 999 tua
500 960 639 1012 quidem
664 958 781 999 hercle

135 1026 234 1057 certo
263 1019 341 1056 vita
368 1015 452 1055 haec
472 1017 683 1068 expetenda]
711 1019 780 1056 Be-

139 1085 192 1111 ne
219 1072 353 1112 cem.-
386 1073 475 1123 quia
511 1070 617 1124 supra
654 1073 784 1112 omnia

142 1141 230 1166 cum
256 1134 405 1176 nieme&
422 1127 527 1167 dixit.
582 1128 669 1167 Vim
697 1127 783 1167 haec
834 1156 842 1166 .

138 1184 348 1236 expetenda]
383 1184 467 1223 Vita
486 1182 590 1231 dixit,
611 1195 646 1222 vt
663 1182 782 1223 osten·

139 1239 249 1279 deret
263 1269 272 1286 ‚
318 1239 459 1278 etiamfi
497 1252 578 1278 non
614 1238 784 1287 felicitas,

139 1293 205 1338 sed
250 1295 322 1334 vita
365 1295 525 1343 dicatur,
579 1294 784 1347 optandam

141 1344 229 1390 esse.
314 1351 406 1390 Vna
448 1355 575 1390 'autem
621 1362 660 1390 et
706 1364 785 1389 mo·

141 1417 201 1445 res
222 1404 416 1458 fignificat,
435 1407 657 1453 mammam,
677 1417 714 1444 et
724 1407 784 1444 ali—

140 1472 332 1509 mentum,
367 1473 405 1500 et
433 1458 589 1512 spatium
619 1460 783 1509 viuendi,

141 1527 181 1556 et
203 1515 394 1555 fortunam
407 1517 641 1556 accidentem
654 1518 781 1554 vinen-

143 1571 265 1612 tibus:
306 1582 343 1610 vt
378 1572 506 1611 modo.
572 1571 783 1620 Expetenda

144 1628 388 1681 optandaque]
414 1628 570 1679 Proprie
597 1628 693 1666 dixit
710 1629 785 1666 Ex-

140 1683 304 1737 petenda,
334 1683 570 1736 optandaque.
601 1683 726 1721 omnia
749 1695 787 1721 e—

145 1740 226 1778 nim
246 1751 346 1790 quae
361 1750 551 1787 amamus,
585 1747 649 1776 aut
675 1737 786 1776 indu·

145 1794 247 1843 stria,
299 1805 362 1833 aut
407 1806 496 1833 voto
533 1795 788 1846 proueniunt:

146 1849 219 1888 hoc
237 1848 300 1898 est,
319 1861 381 1888 aut
400 1851 439 1889 in
460 1849 573 1889 nobis
593 1847 697 1898 sunt,
726 1858 788 1888 aut

146 1906 186 1944 in
205 1903 358 1944 fortuna
377 1905 503 1957 pofita.
559 1907 607 1946 D.

198 1962 267 1999 Pro
295 1961 400 1999 Certe
434 1963 556 2012 placet
585 1961 789 2000 meliorum

149 2014 270 2056 Codd.
291 2016 414 2056 Certo.
473 2020 512 2057 B.

207 2083 252 2122 13
286 2071 343 2109 Ita
362 2086 414 2110 me
424 2071 480 2110 Di
496 2071 581 2111 bene
598 2084 729 2118 ament,
748 2084 790 2111 vt

150 2124 236 2163 mihi
264 2126 388 2179 liceat]
432 2124 646 2167 Necefl'ario
675 2128 791 2165 iurat:

149 2181 238 2231 quia
264 2180 365 2230 quod
394 2181 558 2221 diffini-us
585 2182 657 2227 est,
706 2179 791 2220 solis

150 2236 374 2274 amatoribus
393 2234 627 2275 videturesse
637 2236 790 2275 creden-

152 2291 256 2329 dum.
312 2292 372 2330 Ita
397 2305 450 2330 me
476 2292 532 2330 Di
555 2290 637 2330 hene
658 2305 789 2338 ament,

150 2359 194 2384 vt
213 2345 301 2384 mibi
319 2346 421 2386 liceat
436 2360 510 2385 mm
521 2348 584 2385 diu
594 2347 686 2399 quod
698 2360 790 2392 amo,

141 2399 248 2453 srm]
279 2402 526 2452 Opportunus
537 2402 651 2448 locus,
663 2403 700 2439 in
713 2414 790 2452 quo

153 2455 370 2494 ostendatur
384 2471 495 2508 quam
506 2470 648 2510 magno
663 2469 794 2495 amore

149 2511 192 2550 fit
202 2508 379 2563 poss‘effus
389 2511 643 2558 Phaedria,cui
656 2526 719 2562 par
730 2514 794 2550 im-

148 2568 328 2618 penditur
339 2580 614 2622 argumengum.
635 2568 795 2606 'I'amdiu

150 2624 248 2674 quod
255 2636 335 2661 amo
341 2623 451 2676 frus]
473 2622 665 2675 Quamdiu
678 2637 794 2662 vxore

149 2677 288 2723 fruitur
305 2679 486 2728 Antipho.
542 2683 604 2719 An
624 2691 697 2717 tam
717 2680 792 2726 diu,

149 2736 310 2771 ὂεικτικῶε
333 2735 348 2773 2
382 2735 471 2774 Tam
482 2732 785 2787 diuJTantjsper‚

828 898 881 952 fit,
900 913 940 939 eo
963 900 1064 954 quod
1080 913 1170 948 amo,
1187 899 1288 951 frui.
1346 899 1396 938 D.

884 957 945 996 Ita
980 969 1034 995 me
1066 954 1138 1009 Di]
1175 958 1228 996 Vt
1261 952 1477 993 feliciorem

828 1014 948 1054 multo
969 1011 1191 1052 Phaedriam
1209 1008 1383 1061 Antipho
1401 1006 1483 1061 pos-

832 1068 887 1109 set
904 1067 1117 1115 ostendere,
1138 1079 1219 1106 non
1240 1063 1360 1104 solum
1387 1095 1395 1103 .
1429 1095 1438 1104 .
1467 1095 1478 1102 .

874 1155 883 1163 .
912 1124 1010 1163 mala
1031 1120 1109 1162 effe
1127 1123 1203 1161 vita
1221 1131 1400 1160 numerat
1417 1134 1481 1160 ve·

831 1194 915 1221 rum
943 1179 1055 1218 etiam
1083 1178 1223 1217 iurauit
1247 1176 1316 1229 (Vt
1331 1176 1481 1228 felicio-

832 1235 957 1286 remfi‘
977 1234 1090 1273 multo
1107 1233 1285 1274 Phaedria
1296 1231 1480 1283 Antipho-

831 1306 912 1332 nem
928 1289 1038 1343 poffet
1055 1288 1245 1345 ostendere,
1263 1300 1338 1326 non
1354 1287 1479 1337 folum

832 1352 929 1388 inter
954 1346 1049 1384 mala
1075 1344 1183 1395 fitam
1215 1346 1330 1383 vitam
1359 1355 1481 1381 nume-

834 1417 906 1449 rat,
928 1414 1052 1440 verum
1069 1402 1179 1439 etiam
1197 1402 1298 1437 iurat
1319 1400 1380 1448 Z.)
1408 1410 1479 1447 per

834 1458 871 1497 id
893 1455 1011 1508 ipsum
1033 1454 1135 1507 quod
1154 1452 1330 1504 Antipho
1351 1452 1481 1501 habet,

861 1513 936 1552 uod
963 1523 1039 1551 tam
1073 1511 1138 1550 diu
1173 1508 1318 1549 fruatur
1351 1521 1480 1549 amore

832 1527 910 1608 Puo.
967 1571 1011 1610 E.

890 1636 940 1675 14
970 1623 1048 1661 lam
1078 1618 1247 1673 depecifii
1270 1632 1390 1660 morte
1425 1631 1482 1657 cu-

827 1677 907 1732 pio]
929 1678 1146 1718 Paffionem
1158 1674 1372 1728 tranfigere.
1424 1676 1481 1716 Tu

835 1735 1006 1773 coniicito
1036 1731 1193 1778 caetera]
1223 1734 1300 1771 Aut
1328 1730 1481 1769 Caetera

836 1789 1023 1829 abundat:
1048 1798 1110 1826 aut
1128 1785 1231 1827 deest
1251 1787 1346 1826 Per.-
1374 1785 1480 1834 vtfit,

837 1847 908 1886 Per
931 1857 1081 1884 caetera.
1136 1842 1185 1881 D.

891 1901 966 1940 Iam
984 1896 1150 1950 depecfii
1169 1898 1300 1946 morte]
1319 1897 1403 1935 Hoc
1414 1895 1481 1945 est,

837 1959 933 1996 mori
959 1956 1045 1995 volo
1067 1955 1127 1993 vel
1156 1949 1287 2004 pacisci
1308 1964 1487 1996 mortem.·

837 2012 999 2055 Deinde
1021 2007 1097 2061 ipsa
1115 2007 1359 2046 incommoda
1385 2020 1484 2045 com-

838 2067 961 2108 modis
996 2067 1095 2104 vitae
1122 2061 1353 2112 Amiphonis
1386 2074 1486 2100 enu-

839 2134 988 2163 merat:
1036 2118 1220 2171 siquidem
1260 2118 1329 2155 ille
1367 2116 1483 2156 habet

839 2180 918 2218 {ine
952 2176 1070 2216 sumtu
1105 2176 1336 2225 ingenuam:
1375 2171 1485 2222 quod

840 2234 979 2272 habeat
1004 2243 1117 2282 quam
1148 2226 1373 2266 defiderauit
1399 2239 1487 2265 vxo-

843 2303 920 2329 rem
942 2302 950 2326 ε
1000 2285 1106 2337 quod
1144 2284 1222 2321 fine
1264 2283 1360 2321 mala
1404 2284 1488 2333 opi-

838 2346 978 2383 nione:
1002 2340 1105 2391 quod
1127 2338 1291 2390 publice.
1338 2337 1484 2377 Contra

840 2399 941 2449 quod
964 2396 1025 2435 hic
1044 2408 1128 2433 cum
1146 2395 1291 2432 lenone
1308 2405 1388 2432 rem
1405 2394 1487 2446 agi·
1549 2443 1554 2451 Ι

842 2465 907 2492 tet.
959 2456 1004 2494 Ε.

895 2511 964 2548 Pro
994 2507 1145 2546 Caetera
1186 2516 1334 2556 repone
1360 2503 1486 2543 Caete-

842 2577 942 2610 rum;
981 2564 1067 2614 quia
1102 2573 1182 2600 non
1217 2560 1323 2612 plura
1359 2572 1483 2608 erant,

844 2633 942 2672 quae
969 2619 1184 2657 coniiceret.
1242 2615 1339 2655 lllud
1364 2615 1482 2654 Cam-

841 2690 921 2715 rum
938 2676 1008 2713 hoc
1022 2671 1124 2711 sensu
1139 2669 1413 2720 saepenumero
1424 2683 1484 2710 uc-

839 2731 953 2771 currit
975 2728 1072 2782 apud
1094 2729 1271 2769 Plautum.
1330 2730 1371 2766 B.
