1875 3244
633 198 930 248 ADELPH.

1338 211 1429 260 ²03

214 331 378 379 Merito
395 339 439 376 te
459 345 571 378 amn.
609 326 658 378 D
673 342 716 376 ε.
749 343 920 381 verum,
943 323 1050 391 quid
1062 340 1145 388 ego
1157 323 1327 373 dicam?
1350 325 1435 374 hoc

311 419 446 469 confit
465 421 585 485 quod
607 419 735 470 volo:

217 514 340 570 Quid
372 531 490 561 nunc
520 513 641 578 quod
666 495 824 562 restat?
855 511 1006 574 Hegio
1039 508 1109 557 his
1140 506 1200 558 est
1229 519 1438 571 cognatus

312 623 570 675 proxumus,

80 843 328 896 pauperiem,
356 843 419 882 vel
439 843 489 882 ob
507 854 680 882 amorem
696 839 739 881 fi2

81 901 159 941 liae
189 898 277 939 suae
293 897 316 944 ζ)
368 899 409 939 Si
442 913 508 938 vos
547 910 739 950 tantopere

81 955 172 1009 tstuc
190 957 312 1003 voltis,
324 955 417 1010 fiat]
451 955 625 996 Ridicule
641 954 739 1002 dixit

80 1024 123 1054 et
144 1013 307 1061 comice,
339 1025 495 1051 vxorem
524 1009 560 1051 se
579 1010 737 1059 ducere,

80 1082 164 1108 non
184 1069 273 1119 quia
295 1069 396 1117 velit,
413 1079 478 1107 aut
490 1066 652 1107 debeat:
672 1064 737 1106 sed

81 1136 124 1166 vr
147 1121 377 1177 obsequatur
399 1123 633 1166 iubentibus.
661 1125 711 1166 D.

139 1248 190 1289 23
228 1236 308 1277 Hoc
357 1235 468 1289 confit
497 1236 598 1292 quod
634 1235 740 1291 volo]

81 1292 305 1342 Perficitur,
330 1293 472 1347 inquit,
504 1292 606 1345 quod
629 1293 739 1331 volo:

80 1360 122 1388 vt
151 1346 311 1389 sumtum
341 1361 379 1388 et
410 1348 563 1388 turbam
583 1348 742 1388 domum

84 1406 243 1456 recipiat
257 1395 403 1456 Micio,
444 1416 482 1447 et
509 1417 586 1460 ego
613 1405 743 1446 ineam

85 1462 261 1517 gratiam.
315 1463 363 1501 D.

142 1517 310 1557 Primum
346 1531 397 1557 ne
421 1516 658 1559 Trochaicus
691 1526 745 1556 te-

89 1585 200 1612 mere
224 1571 266 1612 fit
290 1574 396 1612 inter
415 1572 625 1620 lambiens,
651 1572 743 1623 lege

89 1628 234 1669 Merito
254 1641 316 1668 tuo
336 1642 371 1668 te
388 1641 495 1674 amo3
515 1627 621 1682 quod
637 1627 743 1667 idem

92 1686 257 1724 occurrit
273 1688 370 1726 Eun.
392 1698 466 1731 ιιι,
495 1697 533 1726 2.
590 1682 748 1723 Deinde

91 1739 198 1781 hunc
227 1751 266 1781 et
293 1739 367 1792 seq.
396 1737 543 1780 versum
569 1738 617 1779 fic
646 1739 750 1778 resti-

93 1808 185 1845 tue,
213 1808 252 1836 et
271 1794 376 1836 suam
396 1797 539 1848 cuique
560 1793 749 1848 personae

95 1852 216 1893 redde
257 1853 493 1893 orationem:
530 1856 614 1893 Aa.
653 1852 751 1892 Bene

85 1911 203 1962 jacis.
239 1908 246 1964 Ι
272 1911 353 1950 DE.
381 1909 524 1949 Merito
538 1921 600 1948 tuo
612 1921 645 1949 te
656 1922 749 1948 amo.

96 1977 238 2003 verum.
277 1967 359 2006 Mr.
398 1965 518 2018 quid?
553 1966 645 2005 DE.
685 1979 752 2020 ego

98 2022 229 2068 dicam,
251 2019 318 2060 hoc
337 2035 413 2061 cnm
427 2019 488 2073 fit,
507 2021 698 2074 quodvolo
722 2021 729 2076 Ι

97 2079 141 2118 Μ
154 2089 181 2116 1.
218 2075 325 2130 Qid
350 2075 475 2120 nunc?
500 2077 589 2129 quid
615 2077 754 2131 restat?

98 2135 183 2174 DE.
214 2133 335 2188 Hegio
357 2132 416 2172 hic
437 2131 482 2185 est
503 2134 559 2172 his
577 2146 755 2188 cognatus

95 2201 310 2242 proxumus.
368 2193 428 2232 Ne
447 2186 585 2238 versus,
616 2186 757 2228 cessan-

103 2256 142 2283 te
160 2244 422 2298 Synaloe‘pha,
447 2244 538 2292 hiet,
563 2258 757 2296 reponen-

102 2301 196 2340 dum
226 2302 400 2342 ducimus
418 2303 542 2353 Hegio
564 2301 643 2348 hic,
677 2313 760 2340 mo·

102 2358 234 2396 taliter
255 2369 293 2396 et
312 2370 361 2398 ex
388 2356 689 2402 consuetudine,
722 2367 761 2395 vt

101 2415 244 2455 Heaut.
266 2426 305 2460 v,
358 2444 367 2463 ,
388 2425 453 2456 21.
484 2413 689 2452 Archonidi
700 2412 763 2451 hu-

103 2471 160 2510 ius
178 2467 323 2520 filiam,·
356 2480 395 2508 et
415 2467 524 2521 supra
546 2482 603 2515 lv,
633 2481 669 2518 2,
691 2480 757 2520 42.

103 2524 191 2565 Scin
228 2526 379 2566 Cratini
423 2524 531 2569 huius
572 2525 664 2566 ditis
703 2539 757 2564 ae-

104 2581 190 2623 des?
246 2584 286 2622 B.

161 2651 216 2690 24
242 2637 351 2692 Qss'd
367 2650 473 2683 nunc,
492 2635 758 2689 quodreflatss

107 2691 224 2750 Qod
233 2695 351 2748 restat,
373 2706 442 2745 pro
452 2692 566 2749 Qod
568 2692 760 2748 sequitur.

1378 667 1456 756 25-

786 843 850 882 An
870 838 990 897 Quod
1010 837 1131 891 restat,
1158 847 1341 889 tanquam
1360 837 1446 877 reli-

788 897 965 949 quiarum
985 898 1158 948 priorum
1180 895 1372 947 (reliquiae
1390 908 1446 930 re-

787 966 871 993 rum
896 954 1164 1005 peraHarum),
1203 964 1340 1001 ac‘per
1372 949 1445 988 boe

788 1010 1022 1055 minimum?
1079 1008 1202 1062 Hegio
1230 1006 1286 1045 his
1317 1005 1448 1056 estro-

784 1070 923 1121 ‘gnatus
953 1067 1180 1117 proxumus]
1232 1064 1449 1104 Commen-

784 1122 896 1162 'datio
919 1119 1108 1174 personae
1128 1117 1232 1172 quafi
1247 1129 1374 1167 notae,
1395 1128 1450 1156 et-

789 1179 866 1218 iam
898 1178 1083 1226 Micioni,
1130 1175 1182 1215 ob
1207 1174 1346 1213 merita
1373 1171 1448 1214 sua.

788 1238 837 1276 Et
876 1234 983 1274 bene
1025 1232 1174 1273 addidit
1210 1231 1451 1270 Proxumus.-

793 1304 882 1331 nam
901 1291 1012 1330 multi
1033 1288 1172 1343 gradus
1192 1297 1230 1327 et
1251 1288 1367 1326 veluti
1394 1301 1452 1326 ra-

790 1347 844 1386 mi
877 1344 961 1385 sunt
991 1343 1289 1399 propinquitatis
1316 1344 1357 1382 in
1375 1343 1454 1382 affi-

794 1404 914 1442 nitate
949 1413 989 1443 et
1028 1401 1268 1457 cognatione
1304 1397 1454 1453 disposi-

794 1460 836 1499 ti.
894 1461 943 1500 D.

847 1569 969 1626 Hegio
1001 1568 1049 1621 est
1076 1569 1132 1608 his
1163 1566 1354 1623 cognatus]
1384 1569 1458 1607 De·

796 1639 884 1666 mea
911 1626 1066 1665 mutatis
1103 1625 1276 1664 moribus
1302 1623 1458 1662 bonita-

788 1693 877 1722 ·tem
897 1680 1000 1722 suam
1022 1678 1140 1734 poscit
1153 1680 1369 1733 exprimere
1379 1677 1460 1727 (ad-

799 1738 849 1778 de
871 1752 905 1778 et
927 1740 985 1791 Z.)
1017 1738 1146 1778 multis
1175 1738 1292 1777 multa
1310 1735 1458 1774 donare

800 1794 937 1842 efficit;
967 1808 1055 1834 nam
1082 1794 1188 1847 cogit
1215 1803 1252 1832 vt
1281 1791 1459 1845 Hegioni

789 1855 894 1905 ''ager
926 1850 1107 1890 donetur.
1176 1853 1226 1891 Et
1255 1847 1316 1888 bic
1357 1845 1459 1898 quati

803 1907 1052 1949 deliberantis
1072 1905 1124 1945 est
1145 1902 1303 1957 species.
1359 1905 1460 1942 Nam

804 1964 931 2017 primo
948 1963 994 2003 ab
1014 1960 1190 2010 honesto,
1207 1962 1267 1999 cui
1280 1959 1462 2005 donetur,

804 2022 920 2060 etiam
950 2020 1014 2071 qui
1041 2019 1237 2070 proximus
1255 2015 1299 2056 iit
1326 2015 1463 2054 mulie-

803 2076 919 2124 ribus,
940 2077 1003 2129 qui
1023 2074 1127 2113 nobis
1140 2074 1275 2127 affinis,
1292 2073 1356 2122 qui
1374 2084 1463 2123 pau-

797 2145 867 2187 per
896 2131 948 2172 fit.
1004 2133 1136 2182 Quare
1165 2128 1364 2179 adiungit:
1397 2127 1464 2166 Be-

808 2203 852 2228 ne
869 2200 931 2226 nos
951 2187 1094 2240 aliquid
1110 2184 1240 2237 fizcere
1268 2185 1325 2222 illi
1353 2183 1463 2221 decet.

807 2245 997 2295 Denique
1017 2244 1152 2294 inquit,
1172 2239 1275 2279 vnde
1286 2238 1365 2279 fieri
1385 2237 1467 2290 pos-

808 2299 871 2346 sit,
907 2298 952 2338 ad
984 2312 1140 2337 manum
1171 2296 1245 2336 est:
1274 2295 1390 2350 Agelli
1420 2293 1467 2346 ‘’ss

811 2356 868 2395 hic
878 2352 955 2405 sub
980 2353 1066 2394 vrbe
1077 2355 1250 2405 paullum,
1268 2353 1369 2404 quod
1380 2351 1464 2388 loct-

813 2425 873 2451 tas
894 2411 1022 2463 fhras.
1083 2408 1240 2450 Deinde
1264 2406 1468 2446 confundit

809 2481 829 2506 a
851 2467 959 2506 diciis
979 2466 1081 2513 eius,
1111 2467 1171 2504 cui
1202 2462 1468 2515 respondetur,

810 2523 916 2575 quod
936 2524 1071 2561 vitium
1091 2534 1270 2560 commune
1301 2519 1355 2558 est
1375 2517 1470 2558 seni-

808 2579 900 2625 bus,
932 2578 1054 2634 Qod
1081 2580 1232 2616 nimium
1257 2576 1308 2615 ad
1337 2590 1409 2613 rem
1433 2589 1470 2611 m

797 2635 945 2687 senefia
968 2636 1106 2672 attenti
1129 2634 1220 2685 Jmt.
1279 2631 1339 2673 Ab
1361 2631 1470 2670 inho-

810 2691 931 2740 nesto,
953 2689 1027 2730 hoc
1046 2691 1202 2730 celatur.
1263 2691 1304 2730 E.
