1875 3308
634 212 928 261 ADELPH.

1373 215 1434 266 89

213 345 244 396 S
259 361 301 394 v.
325 345 480 393 Ehem.
494 348 672 393 Demea,
689 342 794 388 haut
805 339 1043 403 aspexeram
1057 346 1120 381 tc:
1147 334 1249 397 quid
1264 337 1435 395 agitur?

122 443 181 474 20
216 417 263 471 D
279 435 320 467 Ε.
362 419 482 474 Quid
510 414 679 480 agatur!
717 415 900 463 vostram
925 428 1096 474 nequeo
1121 411 1267 456 mirari
1291 410 1383 456 satis

212 499 455 545 Rationem.
491 492 520 539 S
537 509 580 540 γ.
618 491 677 539 est
699 489 842 537 hercle
863 492 1022 552 inepta,
1046 503 1101 532 ne
1122 484 1259 531 dicam
1285 485 1402 537 dolo,

216 577 362 634 Atque
382 569 573 616 absurda.
607 567 729 634 piscis
754 574 942 612 caeteros
967 578 1120 626 purga»
1145 564 1342 606 Dromo:

217 651 444 705 Congrum
466 644 590 690 istum
610 657 861 690 maxumum
884 640 927 684 in
951 654 1059 699 aqua
1087 634 1213 682 finito
1238 635 1390 683 ludere

214 721 451 786 Paulisper:
492 721 562 767 vbi
583 735 665 780 ego
687 732 862 768 venero,
884 710 1162 760 exoffabitur:

148 934 197 974 19
240 919 370 959 Ehem!
413 917 567 972 Demea]
616 916 736 964 Ehem,

90 978 305 1019 interieflio
316 975 367 1014 est
379 975 574 1019 commoti,
589 985 628 1011 et
639 972 738 1024 quasi

90 1031 247 1086 perculsi
260 1045 301 1072 re
313 1028 430 1070 subita
441 1042 479 1069 et
492 1043 604 1069 noua.
636 1029 742 1083 Qid

89 1088 268 1145 agitur?]
299 1085 536 1127 Blandientis
555 1084 628 1134 est,
659 1098 741 1124 non

90 1143 369 1196 interrogantis.
403 1153 440 1179 rt
458 1142 559 1188 alibi,
572 1143 604 1181 Ο
623 1141 743 1193 noster

91 1199 268 1256 quidfit?
298 1198 388 1252 quid
403 1199 557 1252 agitur?
613 1202 664 1240 D.

147 1268 200 1296 20
231 1256 379 1307 Nequeo
411 1256 544 1292 mirari
554 1251 654 1304 fitis
681 1267 742 1291 ra-

93 1311 248 1365 tionem]
278 1304 375 1350 Mira
404 1307 489 1348 sunt
523 1310 639 1348 etiam
669 1310 743 1352 illa,

95 1380 195 1419 quae
222 1366 478 1406 vehementer
508 1378 623 1416 praua
645 1361 742 1403 sunt.

92 1426 141 1464 Et
160 1422 248 1460 ideo
268 1423 426 1463 Mirari,
447 1433 514 1471 pro
533 1417 692 1458 horrere
709 1430 747 1457 et

96 1477 382 1530 reprehendere
403 1475 563 1526 potitum
585 1476 647 1514 est.
702 1477 749 1514 Et

97 1535 290 1574 Rationem
337 1534 503 1573 ῐὲακτικαῖς
536 1531 632 1569 dixit
670 1544 749 1569 ma-

99 1592 194 1629 lam:
224 1602 341 1639 quum
368 1600 450 1626 non
481 1585 523 1624 fit
549 1587 646 1625 ratio
678 1585 747 1624 nisi

97 1646 210 1685 bona.
250 1641 314 1682 sed
350 1642 396 1681 fic
426 1643 598 1693 loquitur
626 1654 749 1693 popu·

100 1702 170 1741 lus.
225 1702 273 1740 D.

153 1768 200 1798 21
240 1752 301 1804 13st
340 1751 454 1792 hercle
484 1754 623 1803 inepta]
663 1754 749 1791 Hoc

100 1810 146 1850 ad
193 1808 332 1850 senem.
395 1810 455 1848 Ne
492 1809 607 1847 dicam
643 1807 746 1860 dolo]

1378 806 1435 851 25

786 914 944 954 stultitia
965 909 1174 959 diuersum,
1202 922 1241 950 et
1261 910 1360 962 quasi
1386 923 1443 950 re-

789 983 968 1024 pugnans
996 969 1076 1010 fibi.
1135 969 1197 1008 Sic
1220 980 1313 1017 ergo
1340 968 1444 1006 locu-

789 1040 847 1066 tus
865 1025 931 1075 est,
956 1036 995 1064 vt
1017 1024 1192 1064 videatur
1208 1023 1380 1075 ineptam
1392 1038 1445 1062 ra·

791 1085 941 1122 tionem
963 1080 1010 1120 ad
1031 1078 1265 1121 Aeschinum
1275 1078 1442 1119 referre:

791 1137 1000 1181 absurdam.
1020 1136 1068 1175 ad
1081 1136 1307 1183 Micionem,
1327 1147 1444 1186 quem

791 1197 867 1234 iam
893 1192 977 1232 fieri
1003 1192 1177 1237 stultum,
1213 1192 1445 1231 contrarium

793 1248 1108 1304 (consentaneum)
1120 1246 1299 1287 seneffluti
1310 1246 1374 1286 est.
1396 1249 1445 1287 D.

847 1306 945 1346 Illud
971 1307 1091 1357 Atque
1110 1302 1357 1343 antecedenti
1367 1316 1447 1342 ver·

795 1359 847 1402 sui
867 1358 1042 1412 apposuit
1059 1359 1184 1400 Bentl.
1242 1362 1281 1399 Z.

851 1430 901 1470 23
917 1417 1105 1470 Congrum
1116 1413 1217 1466 Istum
1227 1414 1447 1468 maximum]

797 1474 963 1514 Διαςολῆε
995 1473 1082 1521 quia
1110 1481 1219 1509 erant
1249 1471 1334 1516 alii,
1363 1483 1448 1510 non

797 1528 966 1567 maximi.
987 1538 1027 1564 rt
1044 1540 1066 1565 e
1079 1526 1269 1564 contrario
1283 1527 1447 1579 (Georg-

799 1597 836 1624 11
853 1612 862 1629 ,
907 1584 1002 1636 99.).
1064 1581 1279 1636 Argitffque
1312 1583 1446 1628 minor,

793 1640 890 1691 ¹qnia
909 1637 962 1676 est
982 1648 1020 1676 et
1037 1638 1170 1676 maior.
1226 1638 1322 1676 Nam
1342 1636 1451 1686 Istum

798 1692 903 1746 quod
933 1694 1001 1739 ait,
1026 1691 1185 1730 ὂεικτικδν
1207 1690 1269 1730 est.
1302 1692 1452 1731 videtur

799 1750 905 1789 enim
926 1747 1129 1788 ostendere
1159 1747 1304 1799 digito,
1331 1761 1452 1799 quern

800 1805 911 1844 dicat.
967 1803 1014 1842 In
1056 1816 1152 1856 aqua
1182 1802 1293 1851 fi'nito
1328 1804 1452 1844 ludere

101 1870 160 1907 Ne
175 1868 355 1911 mentiar,
382 1865 421 1904 id
439 1863 510 1912 est,
539 1876 586 1902 ex
605 1874 749 1902 contra·
793 1859 995 1915 paulg'sper]
1025 1861 1085 1900 Sic
1112 1858 1322 1898 ostenditur
1350 1859 1455 1898 bene

102 1924 158 1961 rio
191 1921 318 1960 dicere
357 1921 503 1959 ridear:
539 1916 604 1958 sed
632 1930 671 1958 vt
699 1917 750 1958 se-

104 1978 195 2017 dulo
216 1978 349 2016 dicam.
407 1977 455 2016 D.

157 2034 291 2085 Inepta,
311 2045 352 2070 ne
370 2030 487 2070 dicam
506 2031 608 2078 dolo,
639 2041 675 2070 et
692 2027 753 2068 ob-

97 2087 233 2139 surda]
262 2092 314 2128 Vt
337 2085 468 2126 senem
492 2089 640 2127 Demea
658 2086 753 2137 (De-

106 2157 218 2182 meam
235 2145 346 2192 Syrus
361 2146 423 2196 Z.)
453 2140 573 2195 posset
593 2143 754 2180 incitare

110 2200 322 2246 iracundia,
353 2197 466 2252 fingit
494 2199 683 2250 imperare
716 2197 752 2236 se

111 2252 229 2303 seruo,
249 2266 285 2294 vt
305 2250 422 2305 pisces
434 2255 571 2293 caeteri
585 2266 751 2306 purgen-

111 2321 182 2349 tur.
238 2312 284 2351 Et
309 2309 372 2348 hie
397 2309 670 2350 abundantiam
691 2308 755 2346 de-

112 2367 276 2414 clar-anit,
296 2378 473 2405 caeteros:
492 2364 592 2416 quasi
605 2365 754 2416 aliquos

112 2418 190 2472 ipse
207 2423 440 2473 purgaeerir.
492 2425 536 2462 E.

113 2476 226 2571 lblist
257 2476 384 2517 Hercle
406 2477 542 2531 inepta]
579 2471 756 2517 Priscian.

129 2533 138 2571 i
168 2564 176 2572 .
205 2546 217 2574 1
256 2564 263 2570 .
320 2535 361 2572 L.

166 2601 217 2629 22
229 2544 369 2641 5Atque
381 2582 552 2638 ahfinda]
579 2585 758 2637 Ineptum,

115 2642 167 2683 est
184 2642 338 2683 stultum
353 2654 518 2682 tantum:
537 2639 760 2692 Algsurdum,

115 2701 218 2751 quod
241 2712 278 2739 et
296 2699 450 2739 stultum
471 2697 534 2748 est,
563 2709 601 2737 et
620 2698 660 2736 in
684 2694 762 2748 ipsa

801 1914 1009 1961 obsoiiass‘e,
1032 1915 1096 1966 qui
1120 1916 1226 1953 riuos
1246 1912 1456 1967 attulitpis-

801 1987 875 2013 ces.
930 1975 1027 2012 Nam
1044 1984 1124 2010 non
1141 1968 1368 2022 luditpiscis,
1383 1969 1454 2009 nisi

802 2030 923 2069 vinus.
978 2029 1027 2066 D.

859 2085 1045 2137 Congrum
1060 2081 1162 2132 tstum
1172 2083 1212 2120 in
1231 2095 1325 2134 aqua
1334 2078 1453 2130 finito

803 2140 941 2194 ludere]
974 2139 1014 2177 ld
1034 2137 1097 2184 est,
1123 2141 1284 2176 moueri.
1315 2150 1395 2175 non
1417 2151 1456 2176 e·

804 2198 885 2236 nim
921 2192 1080 2246 piscibus
1113 2203 1221 2243 aptus
1251 2190 1302 2231 est
1328 2191 1454 2232 ludus.

803 2255 857 2292 Ita
877 2263 916 2290 et
933 2252 1040 2302 virg.
1068 2250 1186 2300 (Aen.
1218 2260 1313 2294 vm,
1343 2249 1458 2300 632.)

806 2308 947 2346 Ludere
969 2306 1159 2356 pendentes
1175 2315 1320 2354 pueros.
1377 2302 1456 2342 sed

805 2364 883 2402 illic
919 2362 1024 2400 enini
1060 2362 1210 2411 (etiam)
1243 2357 1458 2398 infantibus

806 2419 936 2459 nullus
956 2415 1009 2455 est
1029 2415 1152 2453 ludus.
1211 2418 1253 2454 E.

862 2475 1049 2527 Congrum
1091 2469 1216 2523 istum]
1264 2471 1373 2511 Seru.
1415 2470 1458 2508 in

808 2534 908 2572 Aen.
928 2541 1020 2574 vni,
1043 2530 1134 2578 632.
1191 2530 1232 2567 L.

865 2597 919 2638 24
947 2587 988 2624 ln
1010 2582 1140 2621 b'eml).
1176 2580 1228 2619 est
1253 2577 1460 2630 Tantisper,

812 2642 848 2681 h.
869 2654 902 2679 e.
926 2641 1083 2683 interea,
1103 2649 1140 2676 et
1156 2637 1324 2676 Rcdicro.
1383 2634 1459 2673 Sed

814 2696 980 2750 vulgaris
1001 2695 1111 2733 ionio
1132 2694 1182 2731 est
1202 2690 1354 2731 ruenda.
1387 2693 1425 2729 B.

925 2755 950 2790 F
982 2765 1003 2804 ς
