1875 3292
431 225 492 285 38

843 222 998 268 AcT.
1039 208 1092 268 11.
1122 222 1319 272 scEN.
1349 224 1389 271 1.

562 345 661 398 ΑΕ.
703 350 859 397 Iintro
883 352 968 396 iam
988 367 1122 396 nunc.
1161 346 1261 397 S''A.
1302 362 1344 398 at
1373 353 1614 407 εηίιτῌιοη
1648 348 1798 400 finam.

663 423 765 472 ΑΕ.
804 425 957 471 accede
980 426 1095 479 illuc,
1121 430 1359 474 Parmeno:

474 502 530 568 ἰς
566 503 774 550 Nimium
814 499 918 548 istoc
962 500 1104 549 abisti:

662 578 780 629 hem,
806 575 861 623 fic
880 577 998 624 volo.

1150 502 1231 549 hic‘
1261 513 1448 569 propter
1479 503 1599 551 hunc
1637 501 1799 552 adsiste.

566 657 683 703 Caue
703 670 822 700 nunc
847 655 930 698 iam
953 651 1103 700 oculos
1139 669 1163 700 a
1187 655 1295 700 meis
1318 652 1455 701 oculis
1479 669 1703 720 quoquam
1727 653 1799 702 de·

663 746 841 777 moneas
866 739 964 777 tuos
981 748 991 774 :

564 809 640 855 Ne
655 822 777 852 mora
797 804 858 855 fit,
885 802 914 849 ss
928 805 1163 859 innuerim,
1187 807 1294 870 quin
1316 822 1496 870 pugnus
1518 808 1731 855 continuo
1751 807 1799 854 in

661 881 770 928 mala
793 880 979 932 haereat,

564 954 661 1006 SA.
698 953 815 1003 Istuc
846 955 949 1002 volo
982 973 1090 1018 ergo
1121 957 1261 1022 ipsum
1295 958 1498 1021 experiri.
1541 954 1642 1004 ΑΕ.
1681 957 1799 1012 hem,

662 1032 794 1083 serua.
837 1030 932 1078 PA.
975 1035 1127 1086 omitte
1150 1033 1396 1079 mulierem.

561 1105 655 1156 SA·
699 1111 740 1154 O
786 1107 952 1155 facinus
985 1107 1244 1168 indignum!
1292 1108 1390 1154 ΛΕ.
1440 1108 1682 1170 geminabit
1719 1105 1799 1157 nifi

661 1200 803 1231 caues.
842 1182 938 1234 SA.
975 1183 1048 1231 hei
1079 1183 1234 1232 misero
1261 1180 1393 1234 mihi!

420 1397 513 1440 prae
525 1384 693 1437 strenue:
724 1395 762 1423 vt
783 1382 805 1422 1
816 1395 928 1435 prae,
957 1381 1085 1436 saepe.

423 1447 471 1484 Et
493 1441 540 1483 fic
559 1440 659 1493 apud
670 1440 842 1481 Nonium
855 1440 908 1479 est
919 1455 951 1478 v.
966 1446 1084 1494 Aper-

423 1511 516 1539 tum.
577 1497 738 1541 Deinde
756 1498 845 1550 lege
858 1498 1006 1549 fhrem,
1034 1496 1086 1538 de

424 1568 499 1608 qua
519 1568 614 1594 voce
634 1553 742 1605 supra
762 1555 925 1606 egimus.
981 1556 1022 1592 Β.

484 1624 531 1664 14
563 1615 612 1649 At
643 1612 736 1648 enim
763 1607 993 1663 nonst‘num]
1036 1607 1083 1646 E-

421 1671 520 1710 nim,
551 1667 745 1715 incepniua
775 1665 962 1716 particula
982 1664 1086 1715 apud

422 1734 572 1761 veteres
601 1720 698 1760 suit:
731 1719 792 1760 sed
834 1733 871 1759 et
897 1721 1087 1759 conuenit

425 1778 720 1830 perturbatiwni.
778 1781 828 1818 D.

477 1835 673 1875 nendeius
697 1833 817 1873 edidit
837 1833 861 1872 I
877 1835 1086 1873 intronunc

423 1898 510 1931 iam.
568 1894 598 1932 Z

485 1959 539 1998 15
602 1946 777 1986 Nimium
821 1944 907 1997 rstoc
948 1943 1084 1998 abisti]

423 2002 537 2053 Quafi
579 2016 627 2042 ex
659 2004 898 2041 contumacia
929 2001 1086 2039 lenonis

422 2071 614 2112 appareat,
636 2058 739 2110 quod
762 2059 923 2097 multum
935 2056 1085 2097 abierit.

421 2117 581 2166 Propter
611 2114 724 2164 hunc]
764 2116 875 2154 quta
903 2113 1018 2152 hunc.
1048 2123 1088 2151 vt

420 2173 529 2226 Virg.
545 2174 710 2225 (Georg.
725 2175 888 2223 11¹,13.)
918 2192 971 2201 -
1001 2183 1086 2208 tem·

416 2230 519 2280 plum
549 2230 590 2267 de
617 2241 803 2267 marmore
827 2239 965 2279 ponam
996 2225 1087 2264 Pro·

414 2297 502 2336 pter
535 2298 680 2337 aquam.
737 2268 860 2323 H'Zm!
900 2278 948 2329 ᾖε
985 2279 1084 2335 volo]

418 2342 525 2381 Mire
549 2341 734 2382 Comicus
763 2354 811 2380 ex
830 2339 982 2380 alterius
1006 2350 1085 2376 ver-

418 2396 499 2445 bis,
532 2397 627 2452 quid
665 2395 779 2437 faciat
815 2397 927 2442 alter,
959 2394 1087 2434 osten-

419 2452 489 2492 dit.
547 2453 597 2495 D‘.

482 2511 529 2550 16
563 2509 690 2559 Vulgo
709 2507 908 2553 aimonem,
942 2505 1004 2546 sed
1030 2506 1086 2545 de-

417 2577 565 2604 moueas
589 2571 690 2604 reue.
715 2565 798 2604 hbri
820 2565 999 2605 meliores
1018 2575 1085 2601 no·

418 2619 481 2660 stri
505 2633 546 2659 et
572 2622 722 2661 Faerni.
783 2625 823 2661 B.

481 2688 530 2718 17
569 2678 673 2732 Qr'n
709 2689 854 2732 pugnus
892 2673 1083 2728 continuo]

419 2733 572 2788 Pugnux
595 2747 616 2771 a
635 2745 769 2786 pugna
789 2733 933 2775 diffits:
959 2743 1022 2772 aut
1038 2730 1086 2770 ab

1731 1278 1796 1310 20

1135 1384 1204 1426 illo
1219 1396 1359 1441 pugna.
1415 1383 1570 1441 Pugnat
1600 1383 1797 1439 continuo]

1134 1440 1178 1482 Id
1203 1441 1274 1489 est,
1309 1439 1511 1494 vestigium
1540 1442 1726 1494 litigantis
1745 1443 1801 1493 (E

1133 1496 1281 1552 vestigio
1308 1500 1348 1537 in
1373 1497 1516 1538 lenonis
1539 1511 1634 1553 gena
1654 1495 1709 1548 fit
1730 1509 1800 1550 pu-

1131 1567 1264 1610 gnus).
1319 1558 1369 1595 D.

1188 1610 1420 1649 Ockonarius
1441 1608 1629 1648 Iambicus
1659 1607 1798 1660 probat

1136 1666 1351 1706 lestionem
1387 1665 1583 1714 antiquam
1613 1667 1799 1703 innuerim

1136 1734 1208 1774 pro
1231 1723 1400 1768 innuero,
1421 1719 1528 1772 quod
1547 1719 1798 1761 estrecentio-

1136 1791 1222 1816 rum
1243 1776 1354 1816 codd.
1407 1778 1449 1818 Β.

1196 1840 1242 1882 ¹8
1278 1832 1372 1883 Istuc
1391 1833 1475 1871 volo
1490 1846 1577 1888 ergo
1600 1832 1719 1886 ipsum
1737 1847 1800 1872 ex·

1131 1891 1267 1943 perirt]
1305 1885 1488 1940 Exprefl'e
1516 1888 1682 1929 ostendit
1708 1903 1799 1941 pau-

1137 1946 1298 1997 perioris
1330 1946 1532 1997 loquacem
1562 1947 1799 1984 contumaci-

1135 2016 1195 2040 am
1226 2000 1344 2052 vsque
1380 2000 1427 2039 ad
1454 2001 1623 2054 pericula
1656 2002 1796 2043 caedis.

1136 2057 1229 2107 Istuc
1258 2058 1342 2096 volo
1365 2071 1452 2111 ergo
1474 2056 1590 2108 ipsum
1614 2057 1795 2113 experirt]

1135 2116 1224 2155 Hoc
1243 2114 1308 2154 illo
1328 2112 1504 2162 dicente,
1536 2111 1666 2152 seruus
1687 2115 1798 2153 leno-

1136 2183 1228 2209 nem
1261 2170 1449 2210 verberat.
1519 2170 1632 2208 Hem!
1665 2169 1795 2225 serua]

1134 2224 1288 2267 Nescias
1321 2227 1382 2264 cui
1405 2225 1504 2264 dicat
1527 2225 1621 2264 haec
1643 2223 1798 2266 Aeschi-

1135 2295 1218 2324 nus.
1241 2297 1288 2321 an
1313 2283 1462 2327 lenoni,
1493 2295 1541 2320 an
1569 2280 1699 2323 seruo:
1731 2279 1795 2323 sed

1136 2337 1246 2379 seruo
1257 2339 1379 2392 magis
1392 2337 1665 2378 estverifimile.
1697 2341 1744 2380 D.

1193 2406 1241 2448 ¹9
1263 2394 1469 2437 Geminabit
1486 2394 1682 2442 nilsx'caues]
1709 2398 1797 2435 Hoc

1134 2451 1401 2493 comminantis
1423 2449 1498 2498 est,
1529 2465 1607 2489 non
1628 2450 1796 2491 iubentis

1135 2507 1262 2547 serit-e.
1292 2505 1356 2545 scd
1380 2507 1467 2556 quia
1492 2508 1610 2560 longe
1623 2506 1794 2546 starl’ar-

1136 2576 1276 2607 meno,
1310 2565 1451 2613 gemina
1473 2565 1621 2614 putauit
1640 2563 1792 2603 difium.

1135 2623 1184 2660 Et
1222 2617 1448 2665 Geminabit,
1489 2617 1792 2658 subaudiendum

1136 2674 1190 2714 est
1226 2676 1386 2726 plagam.
1455 2675 1684 2722 Geminabit,
1725 2673 1803 2726 rufi

1138 2730 1347 2780 caueJJNon
1359 2730 1591 2786 singularem
1602 2742 1795 2785 pugnum,

1756 2797 1797 2826 et
