1875 3244
664 201 971 250 HECYRA.

1370 209 1466 264 287

233 336 405 398 Vixque
433 331 522 378 huc
557 327 850 378 contuleram:
895 331 996 378 hem
1040 346 1158 375 noua
1200 345 1269 377 res
1309 330 1466 386 ortesst,

327 426 467 475 porro
499 407 551 454 ab
584 408 663 454 hac
687 423 796 472 quae
826 423 898 453 me
921 404 1157 453 abstrahat&

230 490 358 534 Tum
380 496 565 531 matrem
589 500 639 528 ex
663 501 712 529 ea
731 499 780 530 re
803 498 874 529 me
895 494 967 529 aut
983 498 1161 530 vxorem
1185 482 1230 528 in
1255 481 1383 548 culpa
1401 485 1466 530 in-

329 573 571 607 uenturum
600 558 811 606 arbitror:
1331 608 1334 611 Δ

132 656 195 689 20
232 638 369 693 Quod
389 652 527 700 quum
546 638 602 681 ita
625 631 706 681 effe
726 626 954 688 iuuenem,
979 632 1088 698 quid
1103 631 1242 687 restat,
1267 633 1346 680 nili
1358 652 1467 701 por-

329 731 381 760 ro
405 724 450 759 vt
470 710 568 757 fiam
593 711 750 757 miser?

189 809 194 811 ·
231 793 352 837 Nam
365 789 513 834 matris
526 786 639 833 ferre
651 788 828 832 iniurias
840 790 1156 840 mefflarmeno,
1169 787 1303 849 pietas
1320 785 1441 834 iubet
1456 805 1467 834 ε

232 869 360 912 Tum
392 863 515 911 vxori
537 862 752 909 obnoxius
787 862 905 909 sum:
938 864 996 909 ita
1019 862 1128 908 olim
1151 862 1226 908 suo
1249 879 1319 908 me
1342 864 1470 924 inge-

328 942 404 986 nio
428 938 631 1004 pertulit:

230 1021 327 1064 Tot
349 1032 464 1061 meas
496 1016 698 1073 iniurias3
736 1030 847 1079 quae
869 1030 1097 1106 nunquam
1120 1016 1166 1061 in
1187 1013 1275 1063 vllo
1305 1014 1466 1080 patefe

329 1093 387 1139 cit
405 1091 519 1139 loco.

96 1313 188 1362 Vtx,
208 1312 270 1352 vel
288 1308 395 1359 μέλις,
419 1312 481 1351 vel
500 1310 624 1351 statim
642 1309 756 1364 figni-

97 1370 196 1409 ficat.
251 1371 371 1421 Atque
397 1369 568 1421 expediui
594 1371 755 1408 animum

94 1425 230 1479 meum]
262 1425 401 1471 Cu1·,ae
432 1437 469 1463 vt
492 1425 668 1471 diximus,
693 1434 758 1462 aut

96 1483 239 1536 ligant,
267 1491 332 1519 aut
358 1478 522 1520 soluunt.
554 1491 592 1519 vt
620 1481 757 1530 Vi1gil.

95 1541 232 1590 (Aen.
265 1550 330 1584 lv,
375 1538 489 1589 479.)
525 1535 630 1590 Qae
666 1536 758 1575 mihi

96 1594 230 1633 reddit
248 1606 337 1639 eum,
361 1593 420 1631 vel
438 1607 476 1630 eo
499 1607 553 1631 me
570 1593 698 1643 fhluat
717 1605 756 1630 a·

95 1662 257 1690 mantem
311 1650 486 1687 amatoris·
525 1650 753 1700 (amatoriae.

95 1707 170 1746 alii
181 1707 194 1753 )
215 1704 321 1743 enim
332 1716 445 1743 curae
459 1705 610 1747 vincula
623 1705 757 1744 dicun-

96 1774 169 1802 rur.
223 1754 271 1801 D.

148 1820 218 1857 Pro
238 1815 340 1855 Illinc
357 1815 434 1869 leg.
455 1809 574 1862 Hinc,
605 1812 694 1868 quia
714 1815 756 1855 in

98 1870 192 1914 vers.
217 1885 276 1924 15.
301 1871 354 1910 est
379 1870 508 1910 Inhac
535 1885 600 1915 re,·
631 1882 668 1912 et
685 1885 755 1922 pro

97 1931 154 1970 Ea
175 1928 251 1980 leg
276 1928 328 1964 Eo
350 1924 395 1965 se.
420 1941 564 1977 amore,
597 1930 684 1979 quia
702 1925 757 1968 su-

99 1998 168 2037 pra
198 1984 250 2022 est
270 1984 476 2036 Occupatus
504 1987 546 2024 in
565 1984 755 2029 aliaamo-

98 2055 149 2081 re.
206 2042 246 2078 B.
546 2085 553 2088 .

159 2102 206 2144 18
240 2094 385 2147 quue
405 2093 487 2138 huc]
506 2094 645 2136 Maluit
661 2098 755 2143 Huc,

99 2164 215 2202 quam
228 2152 286 2190 Aa
296 2164 445 2190 vxorem
457 2151 600 2192 dicere.
638 2154 731 2192 Hem
746 2155 754 2194 ἔ

98 2220 197 2246 noua
217 2219 275 2244 res
286 2220 371 2246 orta
383 2206 437 2258 ost,
455 2209 588 2261 porro]
611 2210 750 2257 Porro,

100 2262 258 2301 deinde.
315 2265 360 2302 Et
380 2265 454 2302 vim
475 2264 593 2303 habet
611 2264 758 2304 deinde

99 2317 218 2357 modo
240 2319 538 2368 implicationem
559 2322 758 2359 continua-

100 2388 184 2413 rum
207 2371 439 2415 miseriarum
457 2375 674 2416 referentis.
707 2379 756 2417 D

160 2442 206 2481 19
238 2431 299 2468 Lx
328 2444 367 2468 ea
397 2446 436 2471 re
456 2432 522 2480 me]
553 2436 597 2473 ln
620 2431 692 2473 Ms
715 2436 756 2474 R.

100 2500 157 2527 me
183 2488 217 2523 d
224 2487 297 2524 wll.
359 2490 398 2526 L.

157 2544 185 2582 Ι
189 2555 239 2594 ‘0
199 2556 264 2575 ⁴⁴⁴⁴⁴
253 2542 375 2580 Tum
392 2555 455 2581 aut
476 2557 641 2583 matrem.
672 2548 709 2584 Β.

157 2610 210 2638 20
216 2577 362 2636 DOrto!
394 2612 470 2636 cun
499 2603 552 2638 itt
579 2602 639 2651 effe
661 2603 757 2639 inue-

101 2664 200 2701 πει-,ο
233 2668 306 2706 (μί.
312 2656 459 2706 warestffi
490 2657 563 2705 nisu
575 2669 690 2708 porro
714 2671 758 2696 vt

93 2706 186 2764 fiam
212 2712 371 2766 misir?]
409 2712 599 2752 Ordinem
634 2710 756 2753 serua-

1379 1165 1466 1214 Sed

805 1313 863 1350 uit
879 1311 1138 1358 allocutionis,
1158 1311 1197 1349 in
1221 1324 1298 1362 quo
1319 1325 1340 1348 a
1354 1324 1463 1362 prae-

807 1370 940 1415 teritis,
970 1383 991 1407 a
1014 1365 1293 1419 praesentibus,
1325 1381 1346 1405 a
1365 1366 1467 1406 futu·

807 1425 855 1464 ris
883 1424 1074 1463 inducitur
1093 1421 1278 1475 personae
1306 1424 1468 1474 loquen-

807 1482 853 1520 tis
876 1481 1010 1520 oratio.
1069 1479 1277 1531 Nfi'porro
1297 1493 1338 1517 vt
1352 1478 1464 1534 fiam]

808 1537 953 1586 Porro,
990 1535 1138 1588 postea,
1167 1537 1227 1574 vel
1258 1538 1297 1574 in
1320 1536 1467 1587 postre-

805 1588 925 1632 mum.
1007 1593 1087 1632 Alii
1143 1592 1466 1630 couiunffionem

806 1658 957 1702 putant.
1016 1652 1066 1689 D.

859 1716 907 1745 21
941 1703 1070 1743 Pietas
1095 1701 1212 1757 iubet]
1245 1707 1362 1755 Apte,
1374 1703 1466 1754 quia

806 1760 919 1800 Ferre
940 1760 1047 1809 dixit,
1070 1760 1179 1799 addit
1206 1759 1322 1798 lubet.
1364 1763 1412 1807 D.

863 1829 916 1858 22
941 1819 1033 1857 Tum
1044 1819 1153 1855 vxori
1167 1815 1467 1878 obnoxiusfizm]

805 1874 939 1912 Martis
959 1886 1043 1912 cum
1063 1870 1232 1920 dixislet,
1262 1887 1323 1911 no
1320 1887 1340 1912 1
1367 1875 1468 1911 intu-

808 1930 853 1968 lit
878 1927 1130 1978 Vx0r15,sed
1159 1931 1324 1968 mutauit
1352 1928 1466 1969 casus.

806 1987 864 2025 Ita
895 1985 985 2025 olim
996 1987 1070 2037 suo
1099 2000 1154 2024 me
1181 1987 1325 2039 ingenio
1341 1995 1468 2037 perm-

805 2042 867 2095 lit]
902 2043 1011 2091 Olim,
1033 2041 1078 2080 ad
1100 2042 1394 2080 diuturnitatem
1412 2054 1469 2080 re-

808 2100 906 2148 tulit,
927 2113 1007 2137 non
1029 2098 1077 2137 ad
1100 2096 1256 2147 spatium
1271 2099 1470 2149 praeteriti

807 2157 1004 2206 temporis.
1062 2156 1109 2193 D.

863 2222 913 2262 23
954 2212 1028 2250 Tot
1047 2222 1143 2248 meas
1171 2209 1348 2262 iniurias]
1381 2212 1468 2249 Hae

807 2263 892 2304 sunt
912 2267 1077 2304 iniuriae
1096 2278 1191 2315 quas
1220 2262 1327 2315 supra
1358 2265 1469 2314 dixit,

810 2321 930 2360 Noae
957 2321 1019 2360 illa
1039 2325 1164 2374 prima
1194 2323 1374 2374 virginem
1396 2335 1471 2360 non

807 2381 941 2432 attigit
956 2394 969 2415 .·
996 2391 1089 2430 quae
1113 2376 1305 2427 conficuta
1318 2377 1466 2428 cstnox,

807 2448 882 2471 eam
912 2433 1029 2471 nihilo
1056 2435 1182 2486 magis.
1239 2437 1285 2472 Et
1311 2433 1468 2482 deinde,

806 2489 914 2544 Qid
943 2493 1111 2529 interea?
1145 2488 1269 2528 ibatne
1299 2492 1348 2528 nd
1380 2492 1471 2529 Bac-

808 2546 978 2586 chidem?
1009 2545 1203 2599 Qcotidie.
1277 2546 1352 2585 Tot
1375 2562 1469 2588 meas

807 2600 979 2648 iniurias]
1000 2603 1124 2641 Aliam
1147 2602 1223 2640 vim
1237 2600 1354 2641 habet
1367 2604 1471 2655 quod

809 2658 915 2707 dixit,
944 2661 1062 2710 Mept
1053 2657 1206 2696 crtulit:
1227 2658 1352 2706 aliam,
1367 2660 1473 2710 quod

810 2715 971 2762 adiecit,
1003 2715 1173 2756 Iniurins
1194 2727 1316 2755 meas.-
1347 2718 1474 2762 aliam,

1367 2775 1471 2823 quod
