1875 3292
368 205 468 268 376

762 195 920 248 AeT.
950 199 1014 248 V.
1046 190 1323 243 SCEN.11.

507 336 681 382 Verum
707 338 751 376 te
785 328 872 375 hoc
904 341 1070 374 moneo
1100 340 1264 374 vnum:
1295 322 1433 388 qualis
1464 317 1545 370 {im
1567 316 1746 377 amicus.¹

608 416 683 454 aut
705 403 810 468 quid
832 402 1026 468 poffiem,

407 498 478 548 4ο
510 485 662 533 Potius
687 496 820 545 quam
841 481 1060 530 inimicus,
1079 475 1297 545 periclum
1317 475 1458 526 facins.

452 624 765 681 ACTVS
833 620 1184 684 QVINTI
1244 617 1548 672 SCENA
1609 617 1681 675 11.

586 714 925 787 PHIDIPPVS.
964 712 1227 755 LAcuEs.
1265 707 1549 752 BAccffls.

380 788 482 908 N
499 875 517 904 1
537 874 567 902 H
587 874 603 902 1
624 873 652 901 L
695 852 814 919 apud
837 869 907 900 me
931 851 1012 899 tibi

523 929 692 981 Defieri
710 931 874 995 patim-3
914 930 1036 994 quin,
1060 925 1181 992 quod
1205 942 1318 994 opus
1340 921 1405 980 fit,
1426 923 1618 988 benigne
1637 923 1762 991 'praess

622 1006 791 1055 beatur.

1676 1075 1764 1125 Sed

443 1242 500 1287 39
529 1230 666 1272 Verum
699 1230 766 1271 hoc
795 1242 832 1270 te
857 1241 984 1269 moneo
1012 1240 1055 1268 v·
1103 1226 1278 1279 spondit,
1324 1223 1443 1266 Nihil
1471 1223 1573 1276 apud
1603 1236 1658 1262 me
1695 1220 1768 1262 tibi

391 1290 495 1344 num]
511 1292 620 1329 Haec
630 1287 752 1342 figura
763 1288 925 1326 oratoria
935 1290 1056 1331 περαί-

391 1362 477 1388 um:
497 1345 646 1384 dicitur.
688 1343 899 1399 Qalt'sszm
910 1344 1057 1388 amicus,

394 1413 464 1443 aut
490 1402 580 1455 quid
607 1401 771 1456 poffiem]
812 1404 855 1439 ln
893 1397 1062 1438 secunda

398 1460 579 1498 oratione
589 1457 737 1498 Sallust.
759 1457 805 1496 ad
821 1454 1061 1509 Iugurtham,

396 1515 500 1554 Nam
521 1517 595 1554 vim
616 1517 747 1569 magis,
779 1526 887 1566 quam
911 1510 1062 1550 beneuo-

399 1572 550 1609 lentiam
575 1574 667 1618 eius,
709 1571 873 1622 experiri
911 1568 1063 1607 mallem.

398 1627 532 1679 ths
542 1626 615 1677 stm
640 1629 786 1672 amicus,
804 1638 869 1663 aut
887 1624 979 1676 quid
984 1621 1066 1675 pos

394 1683 504 1736 siem]
537 1685 623 1721 Hoc
650 1693 776 1733 genus
796 1679 1066 1718 comminatio-

405 1740 468 1778 nis
498 1739 628 1776 minus
650 1737 768 1775 habet
783 1734 1066 1782 amaritudinis,

402 1793 470 1834 sed
491 1794 704 1844 plurimum
726 1791 937 1845 grauitatis.
967 1794 1017 1831 D.

464 1853 517 1890 Vt
543 1850 594 1889 Te'
619 1850 658 1887 in
680 1850 751 1888 iau
770 1847 823 1891 lit.
844 1845 1070 1897 sequerele·

406 1907 578 1946 &ionem
620 1904 835 1944 nostrorum
874 1902 966 1942 libb.
1003 1902 1070 1940 Ve-

407 1977 491 2003 rum
513 1961 582 2002 hoc
600 1964 635 2001 κ’
653 1975 780 2000 moneo
808 1973 929 1997 vnum.
971 1961 1014 1998 B.

465 2032 520 2072 40
549 2019 658 2058 Pauci
683 2029 834 2055 tantum
857 2016 1003 2054 liabent
1028 2014 1070 2052 in

410 2075 491 2115 fine
538 2073 824 2125 rel'ponliouem
858 2071 1071 2117 Bacchidis,

410 2132 561 2170 Faciam
584 2129 726 2180 fidula.
781 2129 909 2168 Plures
933 2138 971 2165 et
993 2139 1071 2166 me-

411 2189 528 2228 liore-s
564 2190 666 2227 reete
703 2198 785 2224 non
823 2184 994 2231 habent,
1033 2192 1073 2221 vt

413 2244 513 2282 adeo
533 2243 592 2283 hie
613 2239 739 2282 versus
757 2255 842 2279 curn
861 2240 971 2279 initio
993 2236 1070 2289 seq.

412 2303 561 2340 Scenae
585 2312 702 2338 vnum
722 2298 864 2337 elliciat
889 2295 1073 2336 'sruchai-

413 2369 513 2394 cum.
578 2369 640 2396 ΓΑ
653 2368 682 2394 Ε
696 2368 722 2395 Π
737 2368 778 2394 Ν.

476 2424 490 2452 1
524 2411 640 2449 Nihil
657 2412 758 2463 apud
785 2423 838 2449 me
861 2407 930 2448 tibi
949 2406 1077 2460 defieri

413 2469 560 2519 patiar]
608 2467 735 2507 Verba
776 2467 932 2505 nutricis
969 2462 1078 2503 fuisse

416 2526 536 2562 Poeta
558 2524 803 2568 demonstrat,
834 2522 1001 2574 petentis
1024 2535 1078 2559 or-

418 2578 513 2616 dine·
535 2580 667 2629 longo,
689 2593 788 2628 quae
805 2578 868 2616 libi
892 2577 1079 2627 praeben-

419 2634 468 2672 da
490 2633 569 2671 lint.
603 2635 707 2672 inde
741 2634 842 2684 quali
862 2633 990 2673 taedio
1011 2632 1079 2672 fin·

420 2691 599 2744 gulorum
610 2721 618 2740 ‚
649 2691 887 2744 generaliter
906 2689 1002 2728 haee
1020 2700 1078 2728 re·

1107 1282 1233 1336 defieri
1250 1283 1402 1336 patiar]
1434 1281 1544 1334 Apud
1563 1294 1638 1329 me,
1671 1278 1770 1318 dixit

1109 1356 1181 1394 pro
1202 1338 1318 1392 Apud
1340 1351 1454 1383 eum,
1481 1337 1545 1377 vbi
1565 1335 1695 1376 futura
1714 1348 1770 1374 es.

1111 1394 1252 1449 Defieri
1257 1395 1406 1449 patiar]
1417 1394 1550 1433 Noluit
1562 1391 1773 1434 dicereDe·

1112 1454 1199 1507 effi:
1233 1451 1298 1492 sed
1330 1448 1477 1503 Defieri
1507 1449 1624 1499 dixit,
1667 1460 1705 1487 vt
1731 1445 1773 1487 id

1114 1511 1220 1564 quod
1241 1510 1368 1548 minus
1380 1507 1550 1547 vfitatum
1563 1507 1628 1552 eli,
1647 1505 1773 1558 magis

1116 1567 1281 1608 deleaet
1339 1563 1526 1603 auditum.
1610 1562 1774 1615 Benigne

1110 1620 1362 1677 praebeatur]
1415 1620 1579 1672 Benigne
1598 1646 1607 1664 ‚
1656 1618 1774 1669 large.

1117 1680 1189 1718 hoc
1211 1678 1318 1717 enim
1346 1674 1400 1713 est
1418 1676 1585 1726 gratius,
1618 1686 1697 1711 non
1719 1670 1777 1711 so-

1118 1736 1196 1774 lum
1209 1730 1400 1786 praebere,
1420 1728 1485 1769 sed
1503 1728 1656 1785 henigne
1669 1740 1778 1783 prae·

1121 1791 1216 1830 bere.
1277 1790 1327 1828 D.

1174 1843 1288 1884 Nihil
1313 1843 1410 1897 apud
1439 1856 1493 1882 me
1523 1840 1610 1895 tihi]
1650 1839 1779 1882 Prima

1120 1916 1203 1954 pars
1229 1902 1381 1941 Scenae
1407 1899 1626 1938 orationem
1657 1909 1781 1947 tenet,

1121 1971 1159 1997 vt
1204 1958 1334 1997 nutrix
1369 1969 1531 2008 puerum
1568 1954 1782 2007 diligenter

1120 2015 1275 2054 nutriat.
1346 2012 1533 2053 Postrema
1570 2011 1782 2063 (Postremo

1121 2070 1167 2123 cst
1197 2072 1259 2122 Z.)
1293 2083 1380 2121 pars
1401 2066 1606 2122 superioris
1625 2077 1784 2106 cuntro-

1123 2127 1267 2167 uei-liae
1294 2127 1426 2165 acrior.
1483 2128 1592 2164 Pater
1625 2123 1783 2175 puellae

1124 2193 1244 2238 negat
1279 2183 1423 2222 iuranti
1454 2180 1561 2220 credi
1598 2190 1784 2232 oportere

1124 2240 1327 2280 meretrIci.
1386 2240 1473 2289 Qua
1519 2235 1595 2276 fide
1631 2235 1784 2288 perdita

1125 2297 1332 2349 pollicetur
1353 2295 1420 2334 illa
1439 2303 1631 2332 tormenta
1649 2291 1698 2331 de
1713 2289 1786 2331 ser·

1127 2354 1196 2392 uis.
1259 2355 1315 2390 l'ta
1335 2349 1374 2389 fit
1399 2349 1612 2389 vei-ilimile.
1665 2351 1709 2388 E.

1184 2421 1209 2450 2
1238 2411 1281 2448 ln
1306 2407 1427 2460 Regio
1447 2406 1657 2446 chartaceo
1678 2401 1785 2444 deest

1130 2467 1242 2518 Opus.
1296 2468 1345 2504 At
1377 2466 1416 2501 in
1447 2462 1546 2504 Cod.
1577 2462 1622 2503 C.
1653 2461 1699 2501 C.
1731 2469 1785 2497 et·

1128 2523 1206 2561 iam
1224 2519 1304 2559 fine
1329 2519 1452 2569 Opus,
1482 2515 1545 2557 sed
1567 2515 1671 2568 Qgtin
1687 2513 1785 2568 quod

1129 2577 1188 2628 est.
1225 2576 1405 2626 Egregie.
1463 2577 1559 2615 Nam
1579 2571 1695 2626 Qsod
1725 2569 1784 2621 est,

1128 2631 1312 2685 fignificat
1333 2630 1451 2682 Quod
1474 2630 1575 2669 domi
1595 2628 1658 2676 est,
1677 2624 1787 2679 quod

1130 2702 1192 2729 res
1208 2688 1334 2728 nostra
1353 2686 1527 2741 praebet.
1585 2687 1625 2727 B.
