1827 3180
627 169 987 242 PHoRMIO.

1389 202 1479 248 52!

250 331 396 384 Quam
419 324 471 372 ad
497 324 619 371 dares
641 324 762 374 huic,
780 318 1044 387 praestituta.
1068 313 1153 363 PH.
1188 311 1363 362 fasiani.
1388 312 1487 363 Do.

347 414 466 448 num·
481 415 565 462 ego
591 398 696 446 istuc
717 399 864 458 nego?

146 498 213 542 40
247 474 356 526 AN.
393 480 486 524 Iam
523 492 571 522 ea
600 473 855 540 praeteriit?
891 468 1000 518 Do.
1040 486 1159 517 non:
1198 483 1354 516 verum
1383 466 1491 513 haec

349 555 390 599 ei
413 550 654 599 antecessit.
688 547 793 596 AN.
833 564 924 595 non
948 546 1089 611 pudet

251 629 494 677 Vanitatis?
535 626 637 675 Do.
672 629 886 676 minume,
909 623 1016 669 dum
1040 622 1097 668 ob
1119 633 1231 667 rem.
1265 613 1363 665 GE.
1392 616 1494 666 ster-

351 705 601 769 quilinium.
635 701 733 750 ΡΗ.
774 701 935 750 Dorio,

252 785 376 829 Itane
406 780 584 827 tandem
616 778 756 826 facere
796 772 1003 841 oportet?
1047 768 1161 822 Do,
1201 768 1258 818 fic
1299 771 1418 820 sum:
1461 767 1497 817 fi

353 856 520 923 placeo,
543 866 679 902 vtere.

256 931 366 981 AN.
401 934 544 979 Sicine
564 931 683 977 hunc
708 926 903 992 decipis?
941 922 1062 972 Do.v
1083 926 1222 971 immo
1252 924 1497 976 enimuero,

356 1007 571 1073 Antipho,
604 1007 675 1052 hic
699 1021 771 1051 me
795 1003 982 1067 decipit:
1042 1049 1044 1051 ,
1534 1045 1538 1051 Α

258 1088 378 1134 Nam
400 1084 472 1131 hic
491 1099 562 1130 me
583 1079 834 1128 huiusmodi
858 1077 1012 1126 sciebat
1034 1072 1142 1125 esse:
1175 1091 1260 1138 ego
1280 1075 1401 1123 hune
1417 1071 1502 1123 effe

354 1160 475 1206 aliter
498 1157 678 1206 credidi.

156 1252 224 1300 45
261 1235 344 1283 Iste
368 1251 438 1282 me
460 1235 633 1282 fefellit:
670 1249 755 1294 ego
777 1230 844 1278 isti
866 1231 1007 1277 nihilo
1029 1230 1122 1278 sum
1149 1228 1272 1276 aliter
1293 1244 1341 1274 ac
1363 1227 1448 1278 fui.

262 1313 345 1360 Sed
368 1323 413 1359 vt
431 1323 478 1360 vt
498 1312 601 1357 haec
635 1311 746 1363 sunt,
774 1321 920 1355 tamen
943 1308 1029 1354 hoc
1049 1306 1224 1353 faciam:
1260 1320 1351 1351 cras
1373 1319 1505 1350 mane

361 1398 593 1449 argentum
615 1385 725 1431 mihi

1322 1397 1326 1403 ·
1367 1380 1502 1426 Miles

184 1545 236 1586 39
266 1534 375 1585 Lege
401 1545 450 1572 ex
482 1529 586 1573 Cod.
620 1527 789 1570 Petrensi
837 1523 1013 1578 spondit:
1053 1526 1179 1564 Immo
1218 1495 1323 1562 retro
1359 1522 1506 1575 pedem

129 1588 268 1643 Quoad
295 1589 413 1628 dares.
473 1591 570 1629 Nam
591 1585 726 1640 Quoad
749 1585 788 1624 fi·
840 1583 935 1630 tulit,
960 1581 1240 1633 etpropagauit
1260 1577 1312 1630 se,
1331 1577 1367 1618 h.
1381 1592 1415 1618 e.
1438 1592 1505 1618 an-

130 1644 227 1700 gnif.
256 1646 303 1684 ad
331 1658 445 1697 quam
465 1643 581 1684 diem.
612 1653 652 1682 vt
677 1640 792 1694 supra
841 1638 994 1686 teceffit‚
1022 1647 1060 1676 vt
1080 1637 1207 1676 adhuc
1232 1634 1360 1674 futura
1375 1634 1428 1674 fit.
1458 1638 1504 1675 Ε.

130 1717 159 1751 1,
177 1717 213 1750 2,
236 1709 300 1755 98.
332 1714 380 1748 ιι,
403 1715 440 1754 4,
461 1712 524 1742 22.
582 1703 622 1739 Β.

894 1706 944 1747 41
999 1691 1314 1745 SterquiliniumJ,
1351 1693 1506 1732 Plautus

185 1772 239 1811 40
268 1760 345 1797 lam
375 1771 418 1796 ea
444 1754 694 1810 praeteriist]
728 1755 793 1793 In-
843 1750 886 1789 in
908 1749 1044 1792 Milite
1062 1761 1111 1796 1¹,
1132 1762 1159 1797 1,
1193 1760 1251 1790 ΙΙ.
1284 1770 1340 1778 -
1361 1749 1509 1801 glorio-

131 1817 370 1867 terrogatiue
433 1810 788 1865 pronunciandum.
831 1807 923 1860 fies,
953 1805 1156 1858 impudens,
1187 1805 1412 1852 Stercoreus,
1431 1805 1509 1857 ple·

136 1872 250 1916 Non,
280 1883 405 1910 verum
426 1873 459 1908 ei
479 1868 564 1908 haec
592 1865 792 1920 anteceJJJt]

135 1927 295 1966 Vrbane
322 1927 435 1975 leno,
472 1927 572 1965 Haec
595 1923 797 1978 antecessit:

136 1994 175 2022 vt
193 1983 257 2021 alii
276 1993 433 2033 putant,
463 1982 646 2021 meretrix
665 1980 799 2019 vendi-

140 2051 197 2077 ta:
227 2050 266 2076 vt
279 2038 354 2086 alii,
375 2039 455 2077 dies
474 2039 695 2088 qualenoni
711 2051 799 2075 con·

140 2095 308 2134 stitutum
323 2092 408 2132 suit.
467 2100 529 2133 An
554 2089 688 2146 aperte
707 2095 799 2132 leno

142 2149 308 2203 perfidus
326 2150 532 2192 mentitur?
561 2151 664 2188 vnde
678 2147 800 2200 sequi·

143 2219 213 2252 tur,
241 2206 331 2244 Non
348 2207 462 2257 pudet
483 2209 677 2246 vanitatis.
732 2209 800 2245 Er-

146 2276 198 2315 go
228 2262 313 2313 plus
351 2262 403 2300 est
431 2260 646 2315 Anteceffit‚
687 2274 801 2312 quarn

147 2319 364 2359 Praeteriit.
425 2318 515 2356 Non
531 2317 643 2369 pudet
659 2319 803 2356 vanita-

147 2374 249 2427 tis?]
281 2378 463 2424 Apparet,
483 2371 593 2424 supra
614 2373 804 2411 lenonem

146 2431 197 2469 de
227 2428 383 2480 perfidia
403 2429 599 2481 anticipati
620 2429 804 2480 temporis

147 2484 226 2526 esse
245 2481 467 2524 confessum.
523 2488 574 2525 D.

204 2542 329 2580 Iamne
359 2555 397 2579 ca
424 2542 651 2594 praeteriit?
689 2539 805 2584 N0n3

146 2612 275 2637 verum
303 2597 387 2636 haec
416 2601 448 2636 ei
475 2596 670 2650 antecqffit]
712 2600 805 2637 Duo

149 2665 325 2705 tempora
364 2653 477 2692 ambo
509 2663 718 2693 renuerunt
755 2652 803 2690 di-

149 2709 280 2750 uersa:
329 2713 434 2750 Haec
483 2709 570 2748 dies
616 2708 807 2760 numquid

149 2764 376 2821 praeteriit?
426 2768 571 2808 Contra
615 2766 710 2802 leno
753 2778 808 2805 re·

845 1876 911 1902 nus
927 1863 1088 1914 periurii
1109 1874 1217 1914 atque
1236 1862 1423 1900 adulterii.
1458 1864 1510 1900 Et

847 1921 890 1959 in
904 1917 1079 1958 Pseudol.
1101 1932 1127 1967 1,
1153 1931 1191 1970 3,
1219 1930 1307 1970 132.
1336 1917 1511 1957 Fraudu-

846 1977 952 2016 lente.
992 1976 1081 2016 CA.
1121 1977 1263 2027 impure
1295 1975 1386 2013 leno.
1418 1976 1509 2015 Pu.

849 2045 1009 2072 coenum.
1044 2032 1106 2071 Sic
1127 2031 1282 2070 Graecis
1299 2031 1339 2069 in
1360 2027 1424 2070 vsu
1439 2029 1507 2077 est,

849 2085 981 2136 κὸπςιος
1008 2087 1103 2134 ἀνήρ,
1134 2086 1239 2128 Stlid.
1294 2089 1337 2126 L.

904 2148 977 2185 Pro
1002 2144 1285 2189 Stet-cilinium,
1325 2140 1430 2193 quod
1467 2140 1510 2181 in

851 2202 997 2252 aliquot
1017 2210 1119 2239 extat
1135 2200 1260 2242 libris,
1287 2195 1414 2236 versus
1431 2193 1514 2236 sua-

853 2257 921 2296 det
972 2257 1184 2295 leffionem
1230 2253 1390 2294 Codicis
1437 2264 1512 2294 vet.

851 2312 1111 2353 sterculinum.
1149 2307 1269 2351 Gloff.
1296 2319 1370 2350 vet.
1409 2309 1516 2350 Ster-

851 2370 1011 2407 culinum
1028 2396 1038 2414 ,
1079 2371 1303 2415 κοπςηδοχεῖον
1320 2396 1331 2414 ,
1379 2371 1511 2416 κοτςιά.

852 2424 962 2464 Idem
1000 2422 1103 2474 apud
1129 2424 1303 2463 Plautum
1321 2431 1370 2473 ‘et
1395 2422 1514 2462 Phae-

855 2481 969 2519 drum
987 2481 1160 2521 occuiTit.
1220 2482 1261 2519 B.

910 2548 961 2590 43
993 2538 1101 2587 Lege
1125 2533 1253 2574 versus
1271 2535 1413 2588 gratia,
1441 2535 1513 2575 Im-

856 2606 916 2632 mo
938 2594 1118 2630 enimuero
1137 2592 1215 2640 hic,
1244 2592 1431 2646 Antipho,
1460 2606 1515 2632 me

857 2650 1003 2700 decipit.
1065 2651 1104 2688 Β.

908 2707 963 2756 46
993 2703 1064 2801 8εὲ
1079 2717 1121 2743 vt
1141 2704 1225 2746 haec
1243 2704 1361 2757 fiant,
1393 2718 1516 2746 tamen

981 2762 1020 2801 K
1088 2773 1110 2814 5
1440 2761 1517 2800 hoc
