<?xml version="1.0" encoding="UTF-8"?>
<!DOCTYPE html PUBLIC "-//W3C//DTD XHTML 1.0 Transitional//EN"
    "http://www.w3.org/TR/xhtml1/DTD/xhtml1-transitional.dtd">
<html xmlns="http://www.w3.org/1999/xhtml" xml:lang="en" lang="en">
 <head>
  <title>
</title>
<meta http-equiv="Content-Type" content="text/html;charset=utf-8" />
  <meta name='ocr-system' content='tesseract 3.04.00' />
  <meta name='ocr-capabilities' content='ocr_page ocr_carea ocr_par ocr_line ocrx_word'/>
</head>
<body>
  <div class='ocr_page' id='page_1' title='image "./comoediaesexexre02tereuoft_0217.png"; bbox 0 0 1875 3244; ppageno 0'>
   <div class='ocr_carea' id='block_1_1' title="bbox 0 1050 10 1846">
    <p class='ocr_par' dir='ltr' id='par_1_1' title="bbox 0 1050 10 1846">
     <span class='ocr_line' id='line_1_1' title="bbox 0 1050 10 1846; baseline 0 0"><span class='ocrx_word' id='word_1_1' title='bbox 0 1050 10 1846; x_wconf 95' lang='lat' dir='ltr'> </span> 
     </span>
    </p>
   </div>
   <div class='ocr_carea' id='block_1_2' title="bbox 647 152 948 201">
    <p class='ocr_par' dir='ltr' id='par_1_2' title="bbox 647 152 948 201">
     <span class='ocr_line' id='line_1_2' title="bbox 647 152 948 201; baseline 0 0"><span class='ocrx_word' id='word_1_2' title='bbox 647 152 948 201; x_wconf 71' lang='lat' dir='ltr'><strong>ADELPH·</strong></span> 
     </span>
    </p>
   </div>
   <div class='ocr_carea' id='block_1_3' title="bbox 1381 152 1475 206">
    <p class='ocr_par' dir='ltr' id='par_1_3' title="bbox 1381 152 1475 206">
     <span class='ocr_line' id='line_1_3' title="bbox 1381 152 1475 206; baseline -0.011 -14"><span class='ocrx_word' id='word_1_3' title='bbox 1381 152 1475 206; x_wconf 78' lang='lat'>189</span> 
     </span>
    </p>
   </div>
   <div class='ocr_carea' id='block_1_4' title="bbox 235 274 1478 416">
    <p class='ocr_par' dir='ltr' id='par_1_4' title="bbox 235 274 1478 416">
     <span class='ocr_line' id='line_1_4' title="bbox 237 274 1476 339; baseline -0.013 -1"><span class='ocrx_word' id='word_1_4' title='bbox 237 295 301 339; x_wconf 85' lang='lat' dir='ltr'>Ita</span> <span class='ocrx_word' id='word_1_5' title='bbox 327 305 402 337; x_wconf 85' lang='lat' dir='ltr'>eos</span> <span class='ocrx_word' id='word_1_6' title='bbox 426 303 527 334; x_wconf 87' lang='lat' dir='ltr'>tneo</span> <span class='ocrx_word' id='word_1_7' title='bbox 548 285 697 331; x_wconf 84' lang='lat' dir='ltr'>labore</span> <span class='ocrx_word' id='word_1_8' title='bbox 717 278 901 330; x_wconf 69' lang='lat' dir='ltr'>edustos</span> <span class='ocrx_word' id='word_1_9' title='bbox 917 293 1138 329; x_wconf 68' lang='lat' dir='ltr'>maxumo,</span> <span class='ocrx_word' id='word_1_10' title='bbox 1158 274 1230 322; x_wconf 86' lang='lat' dir='ltr'>hic</span> <span class='ocrx_word' id='word_1_11' title='bbox 1255 276 1357 322; x_wconf 84' lang='lat' dir='ltr'>fecit</span> <span class='ocrx_word' id='word_1_12' title='bbox 1378 275 1476 322; x_wconf 84' lang='lat' dir='ltr'>suos</span> 
     </span>
     <span class='ocr_line' id='line_1_5' title="bbox 235 350 1478 416; baseline -0.013 -2"><span class='ocrx_word' id='word_1_13' title='bbox 235 366 371 415; x_wconf 84' lang='lat' dir='ltr'>Paulo</span> <span class='ocrx_word' id='word_1_14' title='bbox 394 364 558 411; x_wconf 86' lang='lat' dir='ltr'>sumtu:</span> <span class='ocrx_word' id='word_1_15' title='bbox 600 360 813 407; x_wconf 83' lang='lat' dir='ltr'>miseriam</span> <span class='ocrx_word' id='word_1_16' title='bbox 837 370 1017 404; x_wconf 86' lang='lat' dir='ltr'>omnem</span> <span class='ocrx_word' id='word_1_17' title='bbox 1038 354 1122 414; x_wconf 83' lang='lat' dir='ltr'>ego</span> <span class='ocrx_word' id='word_1_18' title='bbox 1147 353 1296 416; x_wconf 82' lang='lat' dir='ltr'>capi03</span> <span class='ocrx_word' id='word_1_19' title='bbox 1318 350 1387 397; x_wconf 85' lang='lat' dir='ltr'>hic</span> <span class='ocrx_word' id='word_1_20' title='bbox 1398 369 1478 416; x_wconf 87' lang='lat' dir='ltr'>po·</span> 
     </span>
    </p>
   </div>
   <div class='ocr_carea' id='block_1_5' title="bbox 337 438 636 500">
    <p class='ocr_par' dir='ltr' id='par_1_5' title="bbox 337 438 636 500">
     <span class='ocr_line' id='line_1_6' title="bbox 337 438 636 500; baseline -0.017 -12"><span class='ocrx_word' id='word_1_21' title='bbox 337 445 444 488; x_wconf 81' lang='lat' dir='ltr'>titur</span> <span class='ocrx_word' id='word_1_22' title='bbox 467 438 636 500; x_wconf 82' lang='lat' dir='ltr'>gaudia.</span> 
     </span>
    </p>
   </div>
   <div class='ocr_carea' id='block_1_6' title="bbox 238 502 1479 580">
    <p class='ocr_par' dir='ltr' id='par_1_6' title="bbox 238 502 1479 580">
     <span class='ocr_line' id='line_1_7' title="bbox 238 502 1479 580; baseline -0.015 -15"><span class='ocrx_word' id='word_1_23' title='bbox 238 524 363 580; x_wconf 80' lang='lat' dir='ltr'>Age,</span> <span class='ocrx_word' id='word_1_24' title='bbox 401 533 502 576; x_wconf 82' lang='lat' dir='ltr'>age,</span> <span class='ocrx_word' id='word_1_25' title='bbox 548 530 668 561; x_wconf 82' lang='lat' dir='ltr'>nunc</span> <span class='ocrx_word' id='word_1_26' title='bbox 690 510 965 576; x_wconf 84' lang='lat' dir='ltr'>experiamur</span> <span class='ocrx_word' id='word_1_27' title='bbox 990 514 1166 557; x_wconf 83' lang='lat' dir='ltr'>contra,</span> <span class='ocrx_word' id='word_1_28' title='bbox 1204 502 1362 570; x_wconf 82' lang='lat' dir='ltr'>ecquid</span> <span class='ocrx_word' id='word_1_29' title='bbox 1394 518 1479 563; x_wconf 86' lang='lat' dir='ltr'>ego</span> 
     </span>
    </p>
   </div>
   <div class='ocr_carea' id='block_1_7' title="bbox 338 592 519 658">
    <p class='ocr_par' dir='ltr' id='par_1_7' title="bbox 338 592 519 658">
     <span class='ocr_line' id='line_1_8' title="bbox 338 592 519 658; baseline -0.011 -20"><span class='ocrx_word' id='word_1_30' title='bbox 338 592 519 658; x_wconf 82' lang='lat' dir='ltr'>poffiem</span> 
     </span>
    </p>
   </div>
   <div class='ocr_carea' id='block_1_8' title="bbox 239 654 1480 722">
    <p class='ocr_par' dir='ltr' id='par_1_8' title="bbox 239 654 1480 722">
     <span class='ocr_line' id='line_1_9' title="bbox 239 654 1480 722; baseline -0.015 -5"><span class='ocrx_word' id='word_1_31' title='bbox 239 670 404 717; x_wconf 79' lang='lat' dir='ltr'><strong>Blande</strong></span> <span class='ocrx_word' id='word_1_32' title='bbox 427 669 583 719; x_wconf 77' lang='lat' dir='ltr'>dicere,</span> <span class='ocrx_word' id='word_1_33' title='bbox 607 675 682 712; x_wconf 82' lang='lat' dir='ltr'>aut</span> <span class='ocrx_word' id='word_1_34' title='bbox 702 663 895 722; x_wconf 84' lang='lat' dir='ltr'>benigne</span> <span class='ocrx_word' id='word_1_35' title='bbox 906 659 1062 711; x_wconf 87' lang='lat' dir='ltr'>facere,</span> <span class='ocrx_word' id='word_1_36' title='bbox 1086 654 1263 721; x_wconf 85' lang='lat' dir='ltr'>quando</span> <span class='ocrx_word' id='word_1_37' title='bbox 1275 654 1361 704; x_wconf 90' lang='lat' dir='ltr'>hoc</span> <span class='ocrx_word' id='word_1_38' title='bbox 1373 670 1480 719; x_wconf 85' lang='lat' dir='ltr'>pro-</span> 
     </span>
    </p>
   </div>
   <div class='ocr_carea' id='block_1_9' title="bbox 341 756 483 791">
    <p class='ocr_par' dir='ltr' id='par_1_9' title="bbox 341 756 483 791">
     <span class='ocr_line' id='line_1_10' title="bbox 341 756 483 791; baseline -0.021 0"><span class='ocrx_word' id='word_1_39' title='bbox 341 756 483 791; x_wconf 73' lang='lat' dir='ltr'><strong>uocat.</strong></span> 
     </span>
    </p>
   </div>
   <div class='ocr_carea' id='block_1_10' title="bbox 147 805 1483 886">
    <p class='ocr_par' dir='ltr' id='par_1_10' title="bbox 147 805 1483 886">
     <span class='ocr_line' id='line_1_11' title="bbox 147 805 1483 886; baseline -0.014 -16"><span class='ocrx_word' id='word_1_40' title='bbox 147 838 207 886; x_wconf 84' lang='lat'>25</span> <span class='ocrx_word' id='word_1_41' title='bbox 247 825 344 883; x_wconf 88' lang='lat' dir='ltr'>Ego</span> <span class='ocrx_word' id='word_1_42' title='bbox 370 834 548 884; x_wconf 91' lang='lat' dir='ltr'>quoque</span> <span class='ocrx_word' id='word_1_43' title='bbox 570 835 593 864; x_wconf 85' lang='lat' dir='ltr'>a</span> <span class='ocrx_word' id='word_1_44' title='bbox 616 817 724 864; x_wconf 84' lang='lat' dir='ltr'>meis</span> <span class='ocrx_word' id='word_1_45' title='bbox 749 830 821 861; x_wconf 89' lang='lat' dir='ltr'>me</span> <span class='ocrx_word' id='word_1_46' title='bbox 842 813 992 865; x_wconf 85' lang='lat' dir='ltr'>amari,</span> <span class='ocrx_word' id='word_1_47' title='bbox 1027 820 1071 857; x_wconf 88' lang='lat' dir='ltr'>et</span> <span class='ocrx_word' id='word_1_48' title='bbox 1092 805 1379 873; x_wconf 81' lang='lat' dir='ltr'>magnipendi</span> <span class='ocrx_word' id='word_1_49' title='bbox 1401 823 1483 872; x_wconf 88' lang='lat' dir='ltr'>po-</span> 
     </span>
    </p>
   </div>
   <div class='ocr_carea' id='block_1_11' title="bbox 342 895 469 942">
    <p class='ocr_par' dir='ltr' id='par_1_11' title="bbox 342 895 469 942">
     <span class='ocr_line' id='line_1_12' title="bbox 342 895 469 942; baseline -0.016 0"><span class='ocrx_word' id='word_1_50' title='bbox 342 895 469 942; x_wconf 90' lang='lat' dir='ltr'>stulo.</span> 
     </span>
    </p>
   </div>
   <div class='ocr_carea' id='block_1_12' title="bbox 242 957 1483 1032">
    <p class='ocr_par' dir='ltr' id='par_1_12' title="bbox 242 957 1483 1032">
     <span class='ocr_line' id='line_1_13' title="bbox 242 957 1483 1032; baseline -0.013 -12"><span class='ocrx_word' id='word_1_51' title='bbox 242 976 288 1022; x_wconf 83' lang='lat' dir='ltr'>Si</span> <span class='ocrx_word' id='word_1_52' title='bbox 308 973 353 1019; x_wconf 89' lang='lat' dir='ltr'>id</span> <span class='ocrx_word' id='word_1_53' title='bbox 373 970 421 1018; x_wconf 80' lang='lat' dir='ltr'>fit</span> <span class='ocrx_word' id='word_1_54' title='bbox 440 970 603 1024; x_wconf 83' lang='lat' dir='ltr'>dando,</span> <span class='ocrx_word' id='word_1_55' title='bbox 638 981 768 1032; x_wconf 87' lang='lat' dir='ltr'>atque</span> <span class='ocrx_word' id='word_1_56' title='bbox 788 961 1084 1029; x_wconf 83' lang='lat' dir='ltr'>obsequendO,</span> <span class='ocrx_word' id='word_1_57' title='bbox 1114 978 1207 1009; x_wconf 88' lang='lat' dir='ltr'>non</span> <span class='ocrx_word' id='word_1_58' title='bbox 1230 957 1483 1026; x_wconf 86' lang='lat' dir='ltr'>posterioris</span> 
     </span>
    </p>
   </div>
   <div class='ocr_carea' id='block_1_13' title="bbox 340 1049 492 1096">
    <p class='ocr_par' dir='ltr' id='par_1_13' title="bbox 340 1049 492 1096">
     <span class='ocr_line' id='line_1_14' title="bbox 340 1049 492 1096; baseline 0 0"><span class='ocrx_word' id='word_1_59' title='bbox 340 1049 492 1096; x_wconf 84' lang='lat' dir='ltr'>feram.</span> 
     </span>
    </p>
   </div>
   <div class='ocr_carea' id='block_1_14' title="bbox 245 1111 1486 1179">
    <p class='ocr_par' dir='ltr' id='par_1_14' title="bbox 245 1111 1486 1179">
     <span class='ocr_line' id='line_1_15' title="bbox 245 1111 1486 1179; baseline -0.014 -6"><span class='ocrx_word' id='word_1_60' title='bbox 245 1127 421 1173; x_wconf 88' lang='lat' dir='ltr'>Deerit:</span> <span class='ocrx_word' id='word_1_61' title='bbox 461 1121 507 1169; x_wconf 89' lang='lat' dir='ltr'>id</span> <span class='ocrx_word' id='word_1_62' title='bbox 539 1138 636 1170; x_wconf 86' lang='lat' dir='ltr'>mea</span> <span class='ocrx_word' id='word_1_63' title='bbox 666 1121 851 1168; x_wconf 87' lang='lat' dir='ltr'>minime</span> <span class='ocrx_word' id='word_1_64' title='bbox 869 1116 1028 1170; x_wconf 85' lang='lat' dir='ltr'>refert,</span> <span class='ocrx_word' id='word_1_65' title='bbox 1060 1115 1139 1179; x_wconf 86' lang='lat' dir='ltr'>qui</span> <span class='ocrx_word' id='word_1_66' title='bbox 1157 1111 1251 1160; x_wconf 86' lang='lat' dir='ltr'>sum</span> <span class='ocrx_word' id='word_1_67' title='bbox 1270 1120 1377 1159; x_wconf 86' lang='lat' dir='ltr'><strong>natu</strong></span> <span class='ocrx_word' id='word_1_68' title='bbox 1397 1127 1486 1157; x_wconf 88' lang='lat' dir='ltr'>ma·</span> 
     </span>
    </p>
   </div>
   <div class='ocr_carea' id='block_1_15' title="bbox 340 1216 516 1247">
    <p class='ocr_par' dir='ltr' id='par_1_15' title="bbox 340 1216 516 1247">
     <span class='ocr_line' id='line_1_16' title="bbox 340 1216 516 1247; baseline -0.011 0"><span class='ocrx_word' id='word_1_69' title='bbox 340 1216 516 1247; x_wconf 80' lang='lat' dir='ltr'>xumU3.</span> 
     </span>
    </p>
   </div>
   <div class='ocr_carea' id='block_1_16' title="bbox 1227 1257 1488 1312">
    <p class='ocr_par' dir='ltr' id='par_1_16' title="bbox 1227 1257 1488 1312">
     <span class='ocr_line' id='line_1_17' title="bbox 1227 1257 1488 1312; baseline -0.015 0"><span class='ocrx_word' id='word_1_70' title='bbox 1227 1257 1488 1312; x_wconf 86' lang='lat' dir='ltr'><strong>ACTVS</strong></span> 
     </span>
    </p>
   </div>
   <div class='ocr_carea' id='block_1_17' title="bbox 113 1363 1490 1428">
    <p class='ocr_par' dir='ltr' id='par_1_17' title="bbox 113 1363 1490 1428">
     <span class='ocr_line' id='line_1_18' title="bbox 113 1363 1490 1428; baseline -0.017 -2"><span class='ocrx_word' id='word_1_71' title='bbox 113 1381 286 1426; x_wconf 62' lang='grc' dir='ltr'>Σῦλὶκηψις.</span> <span class='ocrx_word' id='word_1_72' title='bbox 342 1383 442 1421; x_wconf 88' lang='lat' dir='ltr'>Nam</span> <span class='ocrx_word' id='word_1_73' title='bbox 470 1378 521 1419; x_wconf 86' lang='lat' dir='ltr'>fic</span> <span class='ocrx_word' id='word_1_74' title='bbox 551 1389 701 1419; x_wconf 86' lang='lat' dir='ltr'>veteres</span> <span class='ocrx_word' id='word_1_75' title='bbox 721 1377 776 1415; x_wconf 86' lang='lat' dir='ltr'>lo·</span> <span class='ocrx_word' id='word_1_76' title='bbox 813 1370 1020 1428; x_wconf 75' lang='lat' dir='ltr'>fiquendo]</span> <span class='ocrx_word' id='word_1_77' title='bbox 1051 1374 1162 1412; x_wconf 87' lang='lat' dir='ltr'>Bene</span> <span class='ocrx_word' id='word_1_78' title='bbox 1179 1378 1358 1409; x_wconf 87' lang='lat' dir='ltr'>naturam</span> <span class='ocrx_word' id='word_1_79' title='bbox 1383 1363 1490 1406; x_wconf 83' lang='lat' dir='ltr'>secu-</span> 
     </span>
    </p>
   </div>
   <div class='ocr_carea' id='block_1_18' title="bbox 113 1436 783 1985">
    <p class='ocr_par' dir='ltr' id='par_1_18' title="bbox 114 1436 775 1596">
     <span class='ocr_line' id='line_1_19' title="bbox 115 1436 775 1493; baseline -0.012 -14"><span class='ocrx_word' id='word_1_80' title='bbox 115 1439 345 1493; x_wconf 81' lang='lat' dir='ltr'>quebantur.</span> <span class='ocrx_word' id='word_1_81' title='bbox 399 1441 478 1478; x_wconf 82' lang='lat' dir='ltr'>Nos</span> <span class='ocrx_word' id='word_1_82' title='bbox 498 1450 590 1475; x_wconf 86' lang='lat' dir='ltr'>vero</span> <span class='ocrx_word' id='word_1_83' title='bbox 610 1436 775 1473; x_wconf 85' lang='lat' dir='ltr'>dicimus</span> 
     </span>
     <span class='ocr_line' id='line_1_20' title="bbox 114 1490 773 1548; baseline -0.009 -13"><span class='ocrx_word' id='word_1_84' title='bbox 114 1497 173 1536; x_wconf 82' lang='lat' dir='ltr'>Illi</span> <span class='ocrx_word' id='word_1_85' title='bbox 195 1507 339 1548; x_wconf 79' lang='lat' dir='ltr'>optant.</span> <span class='ocrx_word' id='word_1_86' title='bbox 371 1507 453 1532; x_wconf 88' lang='lat' dir='ltr'>non</span> <span class='ocrx_word' id='word_1_87' title='bbox 474 1492 588 1532; x_wconf 83' lang='lat' dir='ltr'>illum.</span> <span class='ocrx_word' id='word_1_88' title='bbox 645 1490 773 1544; x_wconf 86' lang='lat' dir='ltr'><em>Illum]</em></span> 
     </span>
     <span class='ocr_line' id='line_1_21' title="bbox 115 1553 455 1596; baseline -0.012 -5"><span class='ocrx_word' id='word_1_89' title='bbox 115 1553 349 1596; x_wconf 84' lang='lat' dir='ltr'>Micionem.</span> <span class='ocrx_word' id='word_1_90' title='bbox 405 1553 455 1590; x_wconf 91' lang='lat' dir='ltr'>D.</span> 
     </span>
    </p>

    <p class='ocr_par' dir='ltr' id='par_1_19' title="bbox 113 1603 779 1831">
     <span class='ocr_line' id='line_1_22' title="bbox 170 1603 775 1661; baseline -0.012 -15"><span class='ocrx_word' id='word_1_91' title='bbox 170 1621 221 1661; x_wconf 86' lang='lat'>23</span> <span class='ocrx_word' id='word_1_92' title='bbox 255 1608 368 1646; x_wconf 87' lang='lat' dir='ltr'><em>Nunc</em></span> <span class='ocrx_word' id='word_1_93' title='bbox 400 1607 654 1657; x_wconf 83' lang='lat' dir='ltr'>experiamur]</span> <span class='ocrx_word' id='word_1_94' title='bbox 693 1603 775 1644; x_wconf 87' lang='lat' dir='ltr'>Ma·</span> 
     </span>
     <span class='ocr_line' id='line_1_23' title="bbox 116 1661 779 1719; baseline -0.011 -16"><span class='ocrx_word' id='word_1_95' title='bbox 116 1666 176 1719; x_wconf 83' lang='lat' dir='ltr'>gis</span> <span class='ocrx_word' id='word_1_96' title='bbox 204 1664 352 1702; x_wconf 83' lang='lat' dir='ltr'>comice</span> <span class='ocrx_word' id='word_1_97' title='bbox 385 1662 583 1712; x_wconf 82' lang='lat' dir='ltr'>pluraliter</span> <span class='ocrx_word' id='word_1_98' title='bbox 599 1661 779 1711; x_wconf 82' lang='lat' dir='ltr'>Experia-</span> 
     </span>
     <span class='ocr_line' id='line_1_24' title="bbox 117 1717 778 1770; baseline -0.011 -9"><span class='ocrx_word' id='word_1_99' title='bbox 117 1734 200 1761; x_wconf 89' lang='lat' dir='ltr'>mur</span> <span class='ocrx_word' id='word_1_100' title='bbox 219 1720 326 1766; x_wconf 82' lang='lat' dir='ltr'>dixit,</span> <span class='ocrx_word' id='word_1_101' title='bbox 350 1732 467 1770; x_wconf 81' lang='lat' dir='ltr'>quam</span> <span class='ocrx_word' id='word_1_102' title='bbox 486 1717 511 1757; x_wconf 76' lang='lat' dir='ltr'>si</span> <span class='ocrx_word' id='word_1_103' title='bbox 531 1717 689 1765; x_wconf 81' lang='lat' dir='ltr'>diceret,</span> <span class='ocrx_word' id='word_1_104' title='bbox 703 1717 778 1755; x_wconf 82' lang='lat' dir='ltr'>Ex-</span> 
     </span>
     <span class='ocr_line' id='line_1_25' title="bbox 113 1777 363 1831; baseline -0.016 -14"><span class='ocrx_word' id='word_1_105' title='bbox 113 1779 253 1831; x_wconf 78' lang='lat' dir='ltr'>periar.</span> <span class='ocrx_word' id='word_1_106' title='bbox 313 1777 363 1814; x_wconf 88' lang='lat' dir='ltr'>D.</span> 
     </span>
    </p>

    <p class='ocr_par' dir='ltr' id='par_1_20' title="bbox 121 1828 783 1985">
     <span class='ocr_line' id='line_1_26' title="bbox 175 1828 782 1886; baseline -0.008 -15"><span class='ocrx_word' id='word_1_107' title='bbox 175 1838 282 1886; x_wconf 80' lang='lat' dir='ltr'>Lege</span> <span class='ocrx_word' id='word_1_108' title='bbox 307 1844 344 1870; x_wconf 79' lang='lat' dir='ltr'>et</span> <span class='ocrx_word' id='word_1_109' title='bbox 364 1830 572 1885; x_wconf 85' lang='lat' dir='ltr'>distingue,</span> <span class='ocrx_word' id='word_1_110' title='bbox 588 1828 677 1884; x_wconf 88' lang='lat' dir='ltr'>&#39;Age</span> <span class='ocrx_word' id='word_1_111' title='bbox 688 1840 782 1867; x_wconf 83' lang='lat' dir='ltr'><em>nunc</em></span> 
     </span>
     <span class='ocr_line' id='line_1_27' title="bbox 121 1885 782 1938; baseline -0.009 -9"><span class='ocrx_word' id='word_1_112' title='bbox 121 1891 218 1937; x_wconf 84' lang='lat' dir='ltr'>iam,</span> <span class='ocrx_word' id='word_1_113' title='bbox 244 1891 476 1938; x_wconf 56' lang='lat' dir='ltr'>experiamur</span> <span class='ocrx_word' id='word_1_114' title='bbox 499 1899 617 1938; x_wconf 84' lang='lat' dir='ltr'><em>porro</em></span> <span class='ocrx_word' id='word_1_115' title='bbox 636 1885 782 1934; x_wconf 81' lang='lat' dir='ltr'><em>c6mra,</em></span> 
     </span>
     <span class='ocr_line' id='line_1_28' title="bbox 124 1943 783 1985; baseline -0.008 0"><span class='ocrx_word' id='word_1_116' title='bbox 124 1957 199 1985; x_wconf 86' lang='lat' dir='ltr'>etc.</span> <span class='ocrx_word' id='word_1_117' title='bbox 264 1947 362 1982; x_wconf 82' lang='lat' dir='ltr'>Nam</span> <span class='ocrx_word' id='word_1_118' title='bbox 379 1943 455 1982; x_wconf 83' lang='lat' dir='ltr'>Iam</span> <span class='ocrx_word' id='word_1_119' title='bbox 475 1954 513 1981; x_wconf 91' lang='lat' dir='ltr'>et</span> <span class='ocrx_word' id='word_1_120' title='bbox 532 1943 653 1982; x_wconf 83' lang='lat' dir='ltr'><em>Porro</em></span> <span class='ocrx_word' id='word_1_121' title='bbox 678 1950 783 1980; x_wconf 85' lang='lat' dir='ltr'>extat</span> 
     </span>
    </p>
   </div>
   <div class='ocr_carea' id='block_1_19' title="bbox 826 1426 1497 1981">
    <p class='ocr_par' dir='ltr' id='par_1_21' title="bbox 826 1426 1497 1981">
     <span class='ocr_line' id='line_1_29' title="bbox 827 1426 1491 1481; baseline -0.014 -11"><span class='ocrx_word' id='word_1_122' title='bbox 827 1443 886 1470; x_wconf 87' lang='lat' dir='ltr'>tus</span> <span class='ocrx_word' id='word_1_123' title='bbox 905 1430 969 1475; x_wconf 87' lang='lat' dir='ltr'>est,</span> <span class='ocrx_word' id='word_1_124' title='bbox 988 1429 1054 1481; x_wconf 89' lang='lat' dir='ltr'>qui</span> <span class='ocrx_word' id='word_1_125' title='bbox 1070 1439 1193 1468; x_wconf 86' lang='lat' dir='ltr'>artem</span> <span class='ocrx_word' id='word_1_126' title='bbox 1211 1426 1390 1479; x_wconf 75' lang='lat' dir='ltr'>ignorat,</span> <span class='ocrx_word' id='word_1_127' title='bbox 1421 1435 1491 1474; x_wconf 87' lang='lat' dir='ltr'>pu·</span> 
     </span>
     <span class='ocr_line' id='line_1_30' title="bbox 827 1478 1489 1540; baseline -0.017 -13"><span class='ocrx_word' id='word_1_128' title='bbox 827 1499 911 1527; x_wconf 82' lang='lat' dir='ltr'>tans</span> <span class='ocrx_word' id='word_1_129' title='bbox 946 1487 1010 1540; x_wconf 82' lang='lat' dir='ltr'>agi</span> <span class='ocrx_word' id='word_1_130' title='bbox 1029 1483 1155 1524; x_wconf 83' lang='lat' dir='ltr'>verbis</span> <span class='ocrx_word' id='word_1_131' title='bbox 1177 1481 1307 1521; x_wconf 84' lang='lat' dir='ltr'>omnia</span> <span class='ocrx_word' id='word_1_132' title='bbox 1328 1478 1489 1526; x_wconf 86' lang='lat' dir='ltr'>debere,</span> 
     </span>
     <span class='ocr_line' id='line_1_31' title="bbox 826 1534 1491 1589; baseline -0.018 -6"><span class='ocrx_word' id='word_1_133' title='bbox 826 1557 910 1584; x_wconf 88' lang='lat' dir='ltr'>non</span> <span class='ocrx_word' id='word_1_134' title='bbox 931 1541 1062 1582; x_wconf 83' lang='lat' dir='ltr'>dando</span> <span class='ocrx_word' id='word_1_135' title='bbox 1083 1537 1404 1589; x_wconf 67' lang='lat' dir='ltr'>erobsequendo.</span> <span class='ocrx_word' id='word_1_136' title='bbox 1446 1534 1491 1573; x_wconf 77' lang='lat' dir='ltr'>Si</span> 
     </span>
     <span class='ocr_line' id='line_1_32' title="bbox 828 1589 1492 1653; baseline -0.012 -13"><span class='ocrx_word' id='word_1_137' title='bbox 828 1601 868 1639; x_wconf 81' lang='lat' dir='ltr'>id</span> <span class='ocrx_word' id='word_1_138' title='bbox 886 1598 955 1653; x_wconf 85' lang='lat' dir='ltr'>fit]</span> <span class='ocrx_word' id='word_1_139' title='bbox 987 1597 1030 1637; x_wconf 89' lang='lat' dir='ltr'>Id</span> <span class='ocrx_word' id='word_1_140' title='bbox 1059 1596 1134 1644; x_wconf 87' lang='lat' dir='ltr'>est,</span> <span class='ocrx_word' id='word_1_141' title='bbox 1159 1599 1239 1635; x_wconf 83' lang='lat' dir='ltr'>lam</span> <span class='ocrx_word' id='word_1_142' title='bbox 1264 1607 1287 1632; x_wconf 82' lang='lat' dir='ltr'>a</span> <span class='ocrx_word' id='word_1_143' title='bbox 1315 1591 1446 1631; x_wconf 86' lang='lat' dir='ltr'>liberis</span> <span class='ocrx_word' id='word_1_144' title='bbox 1463 1589 1492 1632; x_wconf 82' lang='lat' dir='ltr'>fi</span> 
     </span>
     <span class='ocr_line' id='line_1_33' title="bbox 828 1647 1492 1709; baseline -0.012 -13"><span class='ocrx_word' id='word_1_145' title='bbox 828 1653 1132 1709; x_wconf 82' lang='lat' dir='ltr'>magnipendor.</span> <span class='ocrx_word' id='word_1_146' title='bbox 1191 1650 1282 1690; x_wconf 88' lang='lat' dir='ltr'>Non</span> <span class='ocrx_word' id='word_1_147' title='bbox 1315 1647 1492 1703; x_wconf 48' lang='lat' dir='ltr'>peslerio*</span> 
     </span>
     <span class='ocr_line' id='line_1_34' title="bbox 830 1707 1492 1765; baseline -0.017 -12"><span class='ocrx_word' id='word_1_148' title='bbox 830 1727 886 1754; x_wconf 83' lang='lat' dir='ltr'>res</span> <span class='ocrx_word' id='word_1_149' title='bbox 899 1710 1048 1765; x_wconf 81' lang='lat' dir='ltr'><em>firam]</em></span> <span class='ocrx_word' id='word_1_150' title='bbox 1082 1707 1320 1749; x_wconf 82' lang='lat' dir='ltr'>Subauditur</span> <span class='ocrx_word' id='word_1_151' title='bbox 1345 1707 1492 1745; x_wconf 74' lang='lat' dir='ltr'>Partes.</span> 
     </span>
     <span class='ocr_line' id='line_1_35' title="bbox 830 1759 1494 1820; baseline -0.015 -12"><span class='ocrx_word' id='word_1_152' title='bbox 830 1780 910 1820; x_wconf 89' lang='lat' dir='ltr'>aut,</span> <span class='ocrx_word' id='word_1_153' title='bbox 941 1768 1035 1807; x_wconf 86' lang='lat' dir='ltr'>Non</span> <span class='ocrx_word' id='word_1_154' title='bbox 1054 1767 1168 1819; x_wconf 85' lang='lat' dir='ltr'><em>parui</em></span> <span class='ocrx_word' id='word_1_155' title='bbox 1178 1762 1326 1815; x_wconf 87' lang='lat' dir='ltr'><strong><em>faciam</em></strong></span> <span class='ocrx_word' id='word_1_156' title='bbox 1344 1759 1494 1814; x_wconf 43' lang='lat' dir='ltr'><em>(fiamk</em></span> 
     </span>
     <span class='ocr_line' id='line_1_36' title="bbox 831 1819 1494 1871; baseline -0.012 -6"><span class='ocrx_word' id='word_1_157' title='bbox 831 1825 872 1865; x_wconf 91' lang='lat' dir='ltr'>icl</span> <span class='ocrx_word' id='word_1_158' title='bbox 894 1824 968 1871; x_wconf 88' lang='lat' dir='ltr'>est,</span> <span class='ocrx_word' id='word_1_159' title='bbox 998 1836 1081 1862; x_wconf 83' lang='lat' dir='ltr'>non</span> <span class='ocrx_word' id='word_1_160' title='bbox 1107 1824 1242 1861; x_wconf 82' lang='lat' dir='ltr'>vincar</span> <span class='ocrx_word' id='word_1_161' title='bbox 1262 1833 1283 1858; x_wconf 90' lang='lat' dir='ltr'>a</span> <span class='ocrx_word' id='word_1_162' title='bbox 1301 1819 1494 1859; x_wconf 68' lang='lat' dir='ltr'>Micione-</span> 
     </span>
     <span class='ocr_line' id='line_1_37' title="bbox 830 1871 1496 1928; baseline -0.017 -6"><span class='ocrx_word' id='word_1_163' title='bbox 830 1886 880 1924; x_wconf 87' lang='lat' dir='ltr'>Et</span> <span class='ocrx_word' id='word_1_164' title='bbox 899 1878 1096 1920; x_wconf 84' lang='lat' dir='ltr'>translatio</span> <span class='ocrx_word' id='word_1_165' title='bbox 1122 1876 1176 1917; x_wconf 88' lang='lat' dir='ltr'>est</span> <span class='ocrx_word' id='word_1_166' title='bbox 1201 1890 1223 1915; x_wconf 81' lang='lat' dir='ltr'><strong>a</strong></span> <span class='ocrx_word' id='word_1_167' title='bbox 1243 1874 1413 1928; x_wconf 82' lang='lat' dir='ltr'>partibus</span> <span class='ocrx_word' id='word_1_168' title='bbox 1436 1871 1496 1912; x_wconf 84' lang='lat' dir='ltr'>hi-</span> 
     </span>
     <span class='ocr_line' id='line_1_38' title="bbox 831 1932 1497 1981; baseline -0.014 -3"><span class='ocrx_word' id='word_1_169' title='bbox 831 1939 1020 1978; x_wconf 88' lang='lat' dir='ltr'>strionum</span> <span class='ocrx_word' id='word_1_170' title='bbox 1048 1936 1089 1975; x_wconf 88' lang='lat' dir='ltr'>in</span> <span class='ocrx_word' id='word_1_171' title='bbox 1113 1932 1265 1974; x_wconf 77' lang='lat' dir='ltr'>Fabula.</span> <span class='ocrx_word' id='word_1_172' title='bbox 1323 1932 1415 1971; x_wconf 74' lang='lat' dir='ltr'>Non</span> <span class='ocrx_word' id='word_1_173' title='bbox 1430 1943 1497 1981; x_wconf 70' lang='lat' dir='ltr'>po·¹</span> 
     </span>
    </p>
   </div>
   <div class='ocr_carea' id='block_1_20' title="bbox 125 1986 1497 2047">
    <p class='ocr_par' dir='ltr' id='par_1_22' title="bbox 125 1986 1497 2047">
     <span class='ocr_line' id='line_1_39' title="bbox 125 1986 1497 2047; baseline -0.012 -7"><span class='ocrx_word' id='word_1_174' title='bbox 125 2003 166 2040; x_wconf 86' lang='lat' dir='ltr'>in</span> <span class='ocrx_word' id='word_1_175' title='bbox 202 2000 403 2039; x_wconf 80' lang='lat' dir='ltr'>Bembino.</span> <span class='ocrx_word' id='word_1_176' title='bbox 467 2000 543 2040; x_wconf 85' lang='lat' dir='ltr'>Sed</span> <span class='ocrx_word' id='word_1_177' title='bbox 582 2009 621 2038; x_wconf 88' lang='lat' dir='ltr'>vt</span> <span class='ocrx_word' id='word_1_178' title='bbox 657 1995 783 2037; x_wconf 85' lang='lat' dir='ltr'>versus</span> <span class='ocrx_word' id='word_1_179' title='bbox 824 1994 994 2047; x_wconf 80' lang='lat' dir='ltr'>steriores</span> <span class='ocrx_word' id='word_1_180' title='bbox 1013 1991 1164 2044; x_wconf 83' lang='lat' dir='ltr'>feram]</span> <span class='ocrx_word' id='word_1_181' title='bbox 1195 1990 1350 2044; x_wconf 52' lang='lat' dir='ltr'>Primug</span> <span class='ocrx_word' id='word_1_182' title='bbox 1372 1986 1497 2027; x_wconf 60' lang='lat' dir='ltr'>iuliis</span> 
     </span>
    </p>
   </div>
   <div class='ocr_carea' id='block_1_21' title="bbox 125 2055 794 2726">
    <p class='ocr_par' dir='ltr' id='par_1_23' title="bbox 125 2055 783 2109">
     <span class='ocr_line' id='line_1_40' title="bbox 125 2055 783 2109; baseline -0.002 -13"><span class='ocrx_word' id='word_1_183' title='bbox 125 2057 206 2104; x_wconf 89' lang='lat' dir='ltr'>stet,</span> <span class='ocrx_word' id='word_1_184' title='bbox 217 2055 432 2095; x_wconf 80' lang='lat' dir='ltr'>delendum</span> <span class='ocrx_word' id='word_1_185' title='bbox 444 2055 497 2094; x_wconf 86' lang='lat' dir='ltr'>est</span> <span class='ocrx_word' id='word_1_186' title='bbox 507 2056 610 2107; x_wconf 86' lang='lat' dir='ltr'>prius</span> <span class='ocrx_word' id='word_1_187' title='bbox 621 2057 712 2109; x_wconf 83' lang='lat' dir='ltr'>Age.</span> <span class='ocrx_word' id='word_1_188' title='bbox 742 2055 783 2096; x_wconf 85' lang='lat' dir='ltr'>B.</span> 
     </span>
    </p>

    <p class='ocr_par' dir='ltr' id='par_1_24' title="bbox 128 2111 786 2280">
     <span class='ocr_line' id='line_1_41' title="bbox 185 2111 784 2167; baseline -0.007 -15"><span class='ocrx_word' id='word_1_189' title='bbox 185 2125 239 2165; x_wconf 84' lang='lat'>24</span> <span class='ocrx_word' id='word_1_190' title='bbox 269 2113 436 2167; x_wconf 63' lang='lat' dir='ltr'>ando</span> <span class='ocrx_word' id='word_1_191' title='bbox 471 2112 538 2151; x_wconf 87' lang='lat' dir='ltr'>huc</span> <span class='ocrx_word' id='word_1_192' title='bbox 574 2111 784 2164; x_wconf 86' lang='lat' dir='ltr'><em>prouocat]</em></span> 
     </span>
     <span class='ocr_line' id='line_1_42' title="bbox 129 2166 786 2220; baseline -0.003 -13"><span class='ocrx_word' id='word_1_193' title='bbox 129 2173 217 2210; x_wconf 81' lang='lat' dir='ltr'>Non</span> <span class='ocrx_word' id='word_1_194' title='bbox 248 2169 475 2219; x_wconf 82' lang='lat' dir='ltr'>additquis:</span> <span class='ocrx_word' id='word_1_195' title='bbox 507 2166 570 2207; x_wconf 88' lang='lat' dir='ltr'>sed</span> <span class='ocrx_word' id='word_1_196' title='bbox 600 2167 786 2220; x_wconf 77' lang='lat' dir='ltr'>intelligi·</span> 
     </span>
     <span class='ocr_line' id='line_1_43' title="bbox 128 2222 757 2280; baseline -0.005 -15"><span class='ocrx_word' id='word_1_197' title='bbox 128 2239 228 2280; x_wconf 58' lang='lat' dir='ltr'>mim,</span> <span class='ocrx_word' id='word_1_198' title='bbox 245 2225 461 2266; x_wconf 83' lang='lat' dir='ltr'>Micionem</span> <span class='ocrx_word' id='word_1_199' title='bbox 474 2222 685 2277; x_wconf 83' lang='lat' dir='ltr'>fignificari.</span> <span class='ocrx_word' id='word_1_200' title='bbox 709 2226 757 2263; x_wconf 90' lang='lat' dir='ltr'>D.</span> 
     </span>
    </p>

    <p class='ocr_par' dir='ltr' id='par_1_25' title="bbox 131 2278 794 2615">
     <span class='ocr_line' id='line_1_44' title="bbox 184 2278 786 2334; baseline -0.007 -14"><span class='ocrx_word' id='word_1_201' title='bbox 184 2281 268 2320; x_wconf 77' lang='lat' dir='ltr'>Hoc</span> <span class='ocrx_word' id='word_1_202' title='bbox 297 2281 500 2334; x_wconf 75' lang='lat' dir='ltr'><em>prouocat]</em></span> <span class='ocrx_word' id='word_1_203' title='bbox 541 2280 672 2332; x_wconf 82' lang='lat' dir='ltr'>Vulgo</span> <span class='ocrx_word' id='word_1_204' title='bbox 703 2278 759 2316; x_wconf 88' lang='lat' dir='ltr'>Eo</span> <span class='ocrx_word' id='word_1_205' title='bbox 771 2294 786 2314; x_wconf 83' lang='lat'>.-</span> 
     </span>
     <span class='ocr_line' id='line_1_45' title="bbox 131 2336 786 2386; baseline -0.008 -9"><span class='ocrx_word' id='word_1_206' title='bbox 131 2339 195 2377; x_wconf 82' lang='lat' dir='ltr'>alii</span> <span class='ocrx_word' id='word_1_207' title='bbox 217 2338 310 2375; x_wconf 83' lang='lat' dir='ltr'>Huc.</span> <span class='ocrx_word' id='word_1_208' title='bbox 363 2337 440 2377; x_wconf 89' lang='lat' dir='ltr'>Sed</span> <span class='ocrx_word' id='word_1_209' title='bbox 458 2336 591 2376; x_wconf 78' lang='lat' dir='ltr'>Bemb.</span> <span class='ocrx_word' id='word_1_210' title='bbox 610 2337 786 2386; x_wconf 82' lang='lat' dir='ltr'>antiquo-</span> 
     </span>
     <span class='ocr_line' id='line_1_46' title="bbox 132 2392 790 2445; baseline -0.008 -12"><span class='ocrx_word' id='word_1_211' title='bbox 132 2408 215 2434; x_wconf 81' lang='lat' dir='ltr'>rum</span> <span class='ocrx_word' id='word_1_212' title='bbox 237 2405 344 2431; x_wconf 84' lang='lat' dir='ltr'>more</span> <span class='ocrx_word' id='word_1_213' title='bbox 362 2394 446 2433; x_wconf 81' lang='lat' dir='ltr'>Hoc</span> <span class='ocrx_word' id='word_1_214' title='bbox 467 2407 536 2445; x_wconf 85' lang='lat' dir='ltr'>pro</span> <span class='ocrx_word' id='word_1_215' title='bbox 555 2393 651 2432; x_wconf 83' lang='lat' dir='ltr'>Huc.</span> <span class='ocrx_word' id='word_1_216' title='bbox 700 2392 790 2430; x_wconf 87' lang='lat' dir='ltr'><em>Pro-</em></span> 
     </span>
     <span class='ocr_line' id='line_1_47' title="bbox 133 2448 790 2496; baseline -0.009 -6"><span class='ocrx_word' id='word_1_217' title='bbox 133 2449 259 2496; x_wconf 78' lang='lat' dir='ltr'><em>uocat]</em></span> <span class='ocrx_word' id='word_1_218' title='bbox 273 2450 314 2487; x_wconf 84' lang='lat' dir='ltr'>in</span> <span class='ocrx_word' id='word_1_219' title='bbox 326 2459 523 2489; x_wconf 83' lang='lat' dir='ltr'>certamen</span> <span class='ocrx_word' id='word_1_220' title='bbox 535 2459 645 2488; x_wconf 89' lang='lat' dir='ltr'>vocat</span> <span class='ocrx_word' id='word_1_221' title='bbox 656 2448 790 2488; x_wconf 84' lang='lat' dir='ltr'>:Plaut.</span> 
     </span>
     <span class='ocr_line' id='line_1_48' title="bbox 132 2506 794 2558; baseline -0.006 -13"><span class='ocrx_word' id='word_1_222' title='bbox 132 2508 248 2548; x_wconf 83' lang='lat' dir='ltr'>Cure.</span> <span class='ocrx_word' id='word_1_223' title='bbox 268 2519 312 2554; x_wconf 84' lang='lat'>11,</span> <span class='ocrx_word' id='word_1_224' title='bbox 335 2518 372 2558; x_wconf 87' lang='lat'>3,</span> <span class='ocrx_word' id='word_1_225' title='bbox 402 2509 470 2557; x_wconf 91' lang='lat'>76.</span> <span class='ocrx_word' id='word_1_226' title='bbox 521 2506 710 2544; x_wconf 69' lang='lat' dir='ltr'>prouocet</span> <span class='ocrx_word' id='word_1_227' title='bbox 739 2516 794 2542; x_wconf 86' lang='lat' dir='ltr'>me</span> 
     </span>
     <span class='ocr_line' id='line_1_49' title="bbox 134 2560 714 2615; baseline -0.007 -13"><span class='ocrx_word' id='word_1_228' title='bbox 134 2568 174 2602; x_wconf 81' lang='lat' dir='ltr'><strong><em>m</em></strong></span> <span class='ocrx_word' id='word_1_229' title='bbox 194 2561 323 2610; x_wconf 82' lang='lat' dir='ltr'><em>aleam,</em></span> <span class='ocrx_word' id='word_1_230' title='bbox 341 2576 383 2600; x_wconf 83' lang='lat' dir='ltr'>vt</span> <span class='ocrx_word' id='word_1_231' title='bbox 403 2576 468 2615; x_wconf 81' lang='lat' dir='ltr'>ego</span> <span class='ocrx_word' id='word_1_232' title='bbox 488 2560 619 2601; x_wconf 84' lang='lat' dir='ltr'><em>ludam.</em></span> <span class='ocrx_word' id='word_1_233' title='bbox 675 2564 714 2600; x_wconf 75' lang='lat' dir='ltr'>P..</span> 
     </span>
    </p>

    <p class='ocr_par' dir='ltr' id='par_1_26' title="bbox 138 2616 794 2726">
     <span class='ocr_line' id='line_1_50' title="bbox 194 2616 794 2672; baseline -0.007 -13"><span class='ocrx_word' id='word_1_234' title='bbox 194 2631 246 2671; x_wconf 84' lang='lat'>25</span> <span class='ocrx_word' id='word_1_235' title='bbox 279 2618 538 2672; x_wconf 80' lang='lat' dir='ltr'>Magnipendi</span> <span class='ocrx_word' id='word_1_236' title='bbox 548 2617 706 2670; x_wconf 84' lang='lat' dir='ltr'><em>postulo]</em></span> <span class='ocrx_word' id='word_1_237' title='bbox 727 2616 794 2656; x_wconf 83' lang='lat' dir='ltr'>Di-</span> 
     </span>
     <span class='ocr_line' id='line_1_51' title="bbox 138 2674 514 2726; baseline 0.003 -13"><span class='ocrx_word' id='word_1_238' title='bbox 138 2674 206 2726; x_wconf 71' lang='lat' dir='ltr'>ligi</span> <span class='ocrx_word' id='word_1_239' title='bbox 226 2684 266 2712; x_wconf 88' lang='lat' dir='ltr'>et</span> <span class='ocrx_word' id='word_1_240' title='bbox 283 2676 413 2713; x_wconf 85' lang='lat' dir='ltr'>amari.</span> <span class='ocrx_word' id='word_1_241' title='bbox 473 2678 514 2714; x_wconf 88' lang='lat' dir='ltr'>E.</span> 
     </span>
    </p>
   </div>
   <div class='ocr_carea' id='block_1_22' title="bbox 191 2727 795 2784">
    <p class='ocr_par' dir='ltr' id='par_1_27' title="bbox 191 2727 795 2784">
     <span class='ocr_line' id='line_1_52' title="bbox 191 2727 795 2784; baseline -0.01 -12"><span class='ocrx_word' id='word_1_242' title='bbox 191 2733 244 2774; x_wconf 91' lang='lat'>26</span> <span class='ocrx_word' id='word_1_243' title='bbox 275 2729 317 2771; x_wconf 82' lang='lat' dir='ltr'>Si</span> <span class='ocrx_word' id='word_1_244' title='bbox 337 2731 379 2772; x_wconf 83' lang='lat' dir='ltr'>id</span> <span class='ocrx_word' id='word_1_245' title='bbox 389 2729 440 2784; x_wconf 82' lang='lat' dir='ltr'>fit</span> <span class='ocrx_word' id='word_1_246' title='bbox 459 2730 595 2779; x_wconf 73' lang='lat' dir='ltr'><em>dando,</em></span> <span class='ocrx_word' id='word_1_247' title='bbox 615 2744 722 2784; x_wconf 74' lang='lat' dir='ltr'>atque</span> <span class='ocrx_word' id='word_1_248' title='bbox 735 2727 795 2767; x_wconf 72' lang='lat' dir='ltr'>ob-</span> 
     </span>
    </p>
   </div>
   <div class='ocr_carea' id='block_1_23' title="bbox 835 2045 1514 2325">
    <p class='ocr_par' dir='ltr' id='par_1_28' title="bbox 835 2045 1514 2214">
     <span class='ocr_line' id='line_1_53' title="bbox 835 2045 1501 2101; baseline -0.018 -10"><span class='ocrx_word' id='word_1_249' title='bbox 835 2065 920 2100; x_wconf 81' lang='lat' dir='ltr'>ero,</span> <span class='ocrx_word' id='word_1_250' title='bbox 948 2050 1099 2101; x_wconf 85' lang='lat' dir='ltr'>inquit,</span> <span class='ocrx_word' id='word_1_251' title='bbox 1129 2060 1172 2085; x_wconf 84' lang='lat' dir='ltr'><strong>m</strong></span> <span class='ocrx_word' id='word_1_252' title='bbox 1192 2048 1250 2098; x_wconf 81' lang='lat' dir='ltr'>(in</span> <span class='ocrx_word' id='word_1_253' title='bbox 1269 2058 1309 2082; x_wconf 82' lang='lat' dir='ltr'>eo</span> <span class='ocrx_word' id='word_1_254' title='bbox 1329 2057 1408 2091; x_wconf 82' lang='lat' dir='ltr'>ero,</span> <span class='ocrx_word' id='word_1_255' title='bbox 1440 2045 1501 2084; x_wconf 27' lang='lat' dir='ltr'>in·-</span> 
     </span>
     <span class='ocr_line' id='line_1_54' title="bbox 836 2098 1514 2161; baseline -0.015 -15"><span class='ocrx_word' id='word_1_256' title='bbox 836 2110 927 2161; x_wconf 81' lang='lat' dir='ltr'><em>quit,</em></span> <span class='ocrx_word' id='word_1_257' title='bbox 947 2110 972 2146; x_wconf 89' lang='lat' dir='ltr'>i.</span> <span class='ocrx_word' id='word_1_258' title='bbox 996 2120 1024 2144; x_wconf 90' lang='lat' dir='ltr'>e.</span> <span class='ocrx_word' id='word_1_259' title='bbox 1043 2107 1082 2143; x_wconf 79' lang='lat' dir='ltr'>in</span> <span class='ocrx_word' id='word_1_260' title='bbox 1102 2099 1210 2152; x_wconf 75' lang='grc' dir='ltr'>ΜΠ.)</span> <span class='ocrx_word' id='word_1_261' title='bbox 1235 2098 1366 2140; x_wconf 77' lang='lat' dir='ltr'>dando</span> <span class='ocrx_word' id='word_1_262' title='bbox 1378 2110 1514 2151; x_wconf 24' lang='lat' dir='ltr'>atque„</span> 
     </span>
     <span class='ocr_line' id='line_1_55' title="bbox 837 2160 1215 2214; baseline -0.008 -11"><span class='ocrx_word' id='word_1_263' title='bbox 837 2160 1105 2214; x_wconf 83' lang='lat' dir='ltr'>obsequendo.</span> <span class='ocrx_word' id='word_1_264' title='bbox 1162 2162 1215 2200; x_wconf 86' lang='lat' dir='ltr'>D.</span> 
     </span>
    </p>

    <p class='ocr_par' dir='ltr' id='par_1_29' title="bbox 837 2211 1497 2325">
     <span class='ocr_line' id='line_1_56' title="bbox 896 2211 1497 2269; baseline -0.013 -11"><span class='ocrx_word' id='word_1_265' title='bbox 896 2219 987 2258; x_wconf 82' lang='lat' dir='ltr'>Non</span> <span class='ocrx_word' id='word_1_266' title='bbox 1002 2211 1380 2269; x_wconf 77' lang='lat' dir='ltr'>posterioresfiram]</span> <span class='ocrx_word' id='word_1_267' title='bbox 1410 2214 1497 2250; x_wconf 79' lang='lat' dir='ltr'>Hoc</span> 
     </span>
     <span class='ocr_line' id='line_1_57' title="bbox 837 2268 1496 2325; baseline -0.017 -9"><span class='ocrx_word' id='word_1_268' title='bbox 837 2276 901 2325; x_wconf 84' lang='lat' dir='ltr'>est,</span> <span class='ocrx_word' id='word_1_269' title='bbox 926 2288 1010 2313; x_wconf 85' lang='lat' dir='ltr'>non</span> <span class='ocrx_word' id='word_1_270' title='bbox 1032 2271 1219 2325; x_wconf 82' lang='lat' dir='ltr'>posterior</span> <span class='ocrx_word' id='word_1_271' title='bbox 1239 2268 1424 2308; x_wconf 71' lang='lat' dir='ltr'>habebor.</span> <span class='ocrx_word' id='word_1_272' title='bbox 1454 2270 1496 2307; x_wconf 88' lang='lat' dir='ltr'>E.</span> 
     </span>
    </p>
   </div>
   <div class='ocr_carea' id='block_1_24' title="bbox 841 2381 1505 2777">
    <p class='ocr_par' dir='ltr' id='par_1_30' title="bbox 841 2381 1504 2603">
     <span class='ocr_line' id='line_1_58' title="bbox 896 2381 1501 2440; baseline -0.01 -15"><span class='ocrx_word' id='word_1_273' title='bbox 896 2399 951 2440; x_wconf 86' lang='lat'>27</span> <span class='ocrx_word' id='word_1_274' title='bbox 980 2383 1142 2428; x_wconf 73' lang='lat' dir='ltr'>Deerit?</span> <span class='ocrx_word' id='word_1_275' title='bbox 1170 2381 1212 2421; x_wconf 87' lang='lat' dir='ltr'>id</span> <span class='ocrx_word' id='word_1_276' title='bbox 1239 2395 1317 2420; x_wconf 87' lang='lat' dir='ltr'>mea</span> <span class='ocrx_word' id='word_1_277' title='bbox 1350 2383 1501 2421; x_wconf 79' lang='lat' dir='ltr'>minime</span> 
     </span>
     <span class='ocr_line' id='line_1_59' title="bbox 841 2439 1502 2497; baseline -0.014 -13"><span class='ocrx_word' id='word_1_278' title='bbox 841 2443 977 2497; x_wconf 79' lang='lat' dir='ltr'>refert]</span> <span class='ocrx_word' id='word_1_279' title='bbox 1004 2439 1118 2487; x_wconf 82' lang='lat' dir='ltr'>Vide,</span> <span class='ocrx_word' id='word_1_280' title='bbox 1143 2450 1348 2478; x_wconf 81' lang='lat' dir='ltr'>remanere</span> <span class='ocrx_word' id='word_1_281' title='bbox 1364 2440 1406 2476; x_wconf 88' lang='lat' dir='ltr'>in</span> <span class='ocrx_word' id='word_1_282' title='bbox 1424 2440 1502 2477; x_wconf 87' lang='lat' dir='ltr'>De-</span> 
     </span>
     <span class='ocr_line' id='line_1_60' title="bbox 842 2494 1504 2547; baseline -0.012 -7"><span class='ocrx_word' id='word_1_283' title='bbox 842 2514 930 2540; x_wconf 82' lang='lat' dir='ltr'>mea</span> <span class='ocrx_word' id='word_1_284' title='bbox 958 2511 1039 2538; x_wconf 88' lang='lat' dir='ltr'>non</span> <span class='ocrx_word' id='word_1_285' title='bbox 1070 2495 1226 2547; x_wconf 83' lang='lat' dir='ltr'>penitus</span> <span class='ocrx_word' id='word_1_286' title='bbox 1260 2495 1422 2534; x_wconf 59' lang='lat' dir='ltr'>eiefiiam</span> <span class='ocrx_word' id='word_1_287' title='bbox 1450 2494 1504 2533; x_wconf 85' lang='lat' dir='ltr'>se-</span> 
     </span>
     <span class='ocr_line' id='line_1_61' title="bbox 845 2552 1504 2603; baseline -0.011 -7"><span class='ocrx_word' id='word_1_288' title='bbox 845 2558 1050 2596; x_wconf 81' lang='lat' dir='ltr'>curitatem</span> <span class='ocrx_word' id='word_1_289' title='bbox 1062 2552 1330 2603; x_wconf 74' lang='lat' dir='ltr'>(fiueritatem.</span> <span class='ocrx_word' id='word_1_290' title='bbox 1341 2553 1410 2603; x_wconf 68' lang='lat' dir='ltr'>Z).</span> <span class='ocrx_word' id='word_1_291' title='bbox 1449 2555 1504 2592; x_wconf 90' lang='lat' dir='ltr'>D.</span> 
     </span>
    </p>

    <p class='ocr_par' dir='ltr' id='par_1_31' title="bbox 843 2609 1505 2777">
     <span class='ocr_line' id='line_1_62' title="bbox 899 2609 1505 2653; baseline -0.013 -1"><span class='ocrx_word' id='word_1_292' title='bbox 899 2612 1058 2653; x_wconf 80' lang='lat' dir='ltr'>Deerit?</span> <span class='ocrx_word' id='word_1_293' title='bbox 1087 2609 1130 2647; x_wconf 80' lang='lat' dir='ltr'>id</span> <span class='ocrx_word' id='word_1_294' title='bbox 1149 2621 1226 2647; x_wconf 80' lang='lat' dir='ltr'>mea</span> <span class='ocrx_word' id='word_1_295' title='bbox 1245 2610 1390 2646; x_wconf 79' lang='lat' dir='ltr'>minime</span> <span class='ocrx_word' id='word_1_296' title='bbox 1411 2611 1505 2650; x_wconf 63' lang='lat' dir='ltr'>resi:-</span> 
     </span>
     <span class='ocr_line' id='line_1_63' title="bbox 844 2665 1504 2723; baseline -0.012 -15"><span class='ocrx_word' id='word_1_297' title='bbox 844 2671 915 2723; x_wconf 83' lang='lat' dir='ltr'>rit]</span> <span class='ocrx_word' id='word_1_298' title='bbox 946 2667 1070 2709; x_wconf 80' lang='lat' dir='ltr'>Facile</span> <span class='ocrx_word' id='word_1_299' title='bbox 1096 2665 1370 2716; x_wconf 79' lang='lat' dir='ltr'>patrimonium</span> <span class='ocrx_word' id='word_1_300' title='bbox 1391 2676 1504 2714; x_wconf 73' lang='lat' dir='ltr'>quae-</span> 
     </span>
     <span class='ocr_line' id='line_1_64' title="bbox 843 2720 1503 2777; baseline -0.015 -10"><span class='ocrx_word' id='word_1_301' title='bbox 843 2741 937 2777; x_wconf 85' lang='lat' dir='ltr'>ram,</span> <span class='ocrx_word' id='word_1_302' title='bbox 956 2725 1058 2773; x_wconf 79' lang='lat' dir='ltr'>vnde</span> <span class='ocrx_word' id='word_1_303' title='bbox 1069 2720 1282 2775; x_wconf 81' lang='lat' dir='ltr'>producam</span> <span class='ocrx_word' id='word_1_304' title='bbox 1293 2722 1421 2762; x_wconf 75' lang='lat' dir='ltr'>vitam.</span> <span class='ocrx_word' id='word_1_305' title='bbox 1463 2721 1503 2759; x_wconf 63' lang='grc' dir='ltr'>Ε,</span> 
     </span>
    </p>
   </div>
  </div>
 </body>
</html>
