1875 3292
421 231 514 266 112

792 216 953 262 ACT.
987 217 1064 262 111.
1087 217 1300 280 ⁴SCEN.
1331 221 1407 266 IV.

550 347 627 407 Sin
651 345 772 392 aliter
793 345 963 391 animus
983 343 1121 392 vester
1146 343 1228 403 est;
1269 363 1367 409 ego,
1390 351 1574 403 Demea,

547 424 728 469 Summa
750 422 791 467 vi
816 419 1044 467 defendam
1066 420 1203 474 hanc,
1241 433 1370 486 atque
1391 423 1517 470 illum
1537 434 1780 478 mortuum.

551 499 777 558 Cognatus
808 495 918 542 mihi
941 507 1052 545 erat:
1090 514 1175 544 vna
1202 514 1225 543 a
1246 500 1396 563 pueris
1419 501 1613 564 paruulis

549 575 709 619 Sumus
731 570 923 620 educati:
963 589 1047 618 vna
1067 571 1237 638 semper
1260 574 1438 621 militiae
1464 586 1508 622 et
1530 574 1652 623 domi

453 665 517 713 50
549 650 756 694 Fuimus:
793 658 1100 712 paupertatem
1119 665 1203 698 vna
1223 650 1486 715 pertulimus
1502 666 1707 713 grauem.

1662 684 1793 784 Qua-s
1854 762 1875 812 ’τ

413 865 542 907 decet.
609 865 725 906 Vobis
761 866 890 923 decet]
925 869 1075 909 Graece

412 924 533 974 dixit,
566 921 640 970 ὖμῖν
668 931 795 972 πρέπει.
822 937 860 964 et
882 923 1074 978 deest,fiz·

411 993 501 1021 cere.
557 983 607 1022 D.

470 1035 583 1077 Vobis
607 1034 726 1090 decet]
758 1033 828 1076 Ms.
851 1039 892 1077 R.
917 1049 984 1077 vos
1008 1036 1089 1076 de·-

406 1096 479 1134 *cet.
514 1092 602 1134 Vid.
631 1094 738 1134 Seru.
766 1093 940 1136 Aeneid.
970 1105 1068 1145 vul,

414 1160 507 1202 127.
562 1152 603 1189 L.

467 1206 523 1260 46
552 1205 619 1246 Sin
650 1203 763 1244 aliter
789 1207 934 1245 animus
960 1204 1073 1258 vester

408 1260 476 1317 est]
509 1261 694 1301 Officium
713 1262 826 1300 amici
852 1260 1071 1314 exsequitur

408 1319 452 1359 in
471 1316 674 1357 reddenda
695 1314 820 1366 causa,
853 1332 919 1358 cur
936 1317 1071 1358 aduer-

408 1373 528 1415 sarius
547 1373 692 1414 futurus
706 1373 759 1412 [it.
808 1373 900 1429 Ego,
915 1374 1066 1423 Demea,

396 1430 546 1484 ficmmiz
564 1432 604 1471 vi
622 1428 718 1470 hanc
735 1429 948 1485 defendam]
977 1433 1013 1470 N
1016 1445 1069 1471 ou

407 1487 506 1526 dixit
523 1486 561 1526 id
583 1485 688 1538 quod
708 1485 775 1531 est,
800 1487 874 1527 Vos
894 1487 1068 1539 vlcg'fcar:

407 1541 486 1591 sed,
507 1543 612 1584 Hanc
631 1541 835 1596 defendam.
892 1544 946 1586 D.

353 1642 357 1647 ,
462 1611 518 1653 47
547 1603 671 1653 Atque
716 1597 817 1637 illum
861 1599 1068 1656 mortuum]

353 1652 357 1657 ⁴
406 1656 556 1698 Idonea
581 1652 688 1694 causa
718 1653 792 1701 est,
819 1654 996 1695 aduersus
1019 1659 1070 1695 vi-

405 1725 478 1751 uos
499 1711 782 1763 querimoniam
794 1708 986 1760 faciendo,
998 1725 1068 1762 pro

405 1778 564 1809 mortuo
596 1765 750 1806 scilicet.
812 1768 902 1818 Qua
937 1768 977 1806 in
1007 1781 1063 1817 re,

405 1835 449 1864 et
467 1824 518 1863 de
540 1823 670 1862 officio
691 1819 756 1861 suo
776 1822 924 1862 locutus
943 1822 1007 1870 est,
1029 1834 1068 1863 et

403 1879 659 1934 exaggerauit
677 1879 827 1930 culpam
847 1879 889 1918 in
910 1878 1068 1920 Aeschi-

405 1949 520 1984 num,
553 1936 620 1988 qui
646 1934 847 1974 videbatur
869 1935 910 1974 in
932 1948 1009 1974 vno
1028 1947 1068 1976 et

404 1993 548 2033 eodem
567 1991 742 2030 facinore
756 1992 862 2030 vinos
880 1990 1068 2032 mortuos-

405 2063 485 2103 que
501 2045 654 2087 laesisse.
711 2051 759 2087 D.

459 2104 533 2145 Etfl
554 2117 689 2143 omnes
711 2102 796 2141 libri
824 2101 970 2144 habent
986 2103 1065 2144 De-

393 2161 554 2216 fendam
576 2160 696 2200 hanc:
728 2161 820 2212 lego
845 2171 974 2200 tamen
989 2162 1060 2200 De·
1112 2192 1121 2201 .
1158 2194 1166 2202 .
1203 2193 1212 2202 .

394 2219 554 2272 fendam
581 2216 667 2265 has,
702 2215 739 2255 h.
767 2230 800 2255 e.
825 2219 994 2257 Matrem
1024 2229 1064 2257 et

403 2275 550 2317 Filiam.
609 2273 669 2315 Sic
693 2286 788 2311 mox
816 2285 882 2326 52.
931 2273 1061 2313 Potius

402 2345 514 2386 quam
542 2326 620 2369 illas
642 2328 810 2380 dfiram.
839 2327 901 2370 Cf.
922 2342 992 2380 IV,
1023 2343 1060 2384 3,
1103 2344 1130 2385 p

404 2400 467 2440 17.
501 2399 556 2432 iv,
578 2398 615 2436 4,
645 2399 706 2438 ¹7·
760 2387 800 2425 13.

459 2451 510 2496 48
534 2444 721 2496 Cognatas
735 2440 827 2480 mihi
837 2440 938 2495 erat]
960 2442 1060 2481 Cau-

402 2495 440 2538 sa
458 2499 636 2549 expolita,
663 2499 738 2536 iam
760 2499 839 2551 agit
858 2499 988 2551 Hegio
1008 2498 1059 2538 de

402 2552 565 2607 persona
585 2552 658 2599 sua,
677 2566 799 2592 vtrum
812 2555 1060 2593 reeieiaciat:

403 2622 441 2650 vt
478 2624 591 2660 quam
626 2607 826 2660 personam
860 2610 1008 2649 inducit
1039 2611 1059 2631 ⁶

402 2665 581 2707 ostendat
605 2665 801 2704 habiturus
830 2668 960 2720 (quam
977 2676 1057 2718 per-

393 2722 528 2777 firmm
548 2723 725 2769 induem,
747 2733 865 2773 porro
881 2722 925 2773 st
946 2722 1057 2772 osteu-

401 2779 469 2820 das
504 2778 733 2820 habiturum.
774 2779 853 2830 Z).
919 2779 1054 2829 Quum

1125 868 1378 909 amicitiarum
1408 869 1488 910 duo
1517 878 1677 924 genera‘
1695 866 1780 919 sint,

1125 939 1245 965 vnum
1265 923 1523 974 neceffarium,
1547 925 1588 966 id
1608 924 1672 975 est,
1691 928 1781 967 Pro-

1124 982 1317 1034 pinquitas
1350 979 1564 1036 sanguinis:
1613 982 1781 1025 alterum

1123 1038 1400 1087 voluntarium,
1431 1052 1511 1091 quo
1530 1037 1642 1078 nobis
1662 1038 1780 1081 etiam

1121 1094 1657 1148 alieuissimiconiunguntur.
1700 1095 1804 1138 Mi-·
1862 1131 1875 1140 ,

1122 1151 1278 1190 cionem
1310 1151 1404 1190 dicit
1428 1164 1472 1191 ac
1496 1154 1709 1200 Demeam,
1737 1160 1780 1193 et

1120 1207 1242 1256 vinos,
1267 1217 1307 1246 et
1325 1208 1561 1248 voluntarios
1573 1219 1722 1248 tantum
1733 1205 1780 1248 fi-

1120 1261 1160 1302 bi
1189 1265 1332 1304 amicos
1362 1260 1449 1305 effe.
1503 1264 1694 1304 Simulum
1714 1275 1780 1305 ve·

1119 1331 1174 1364 ro,
1193 1331 1230 1360 et
1246 1331 1457 1368 mortuum,
1485 1332 1526 1360 et
1543 1333 1625 1360 non
1652 1317 1776 1362 solum

1118 1373 1326 1422 voluntate,
1352 1373 1416 1416 sed
1438 1386 1478 1416 et
1494 1376 1777 1417 lieceffitudine

1110 1434 1280 1472 'amicum
1297 1430 1412 1473 fuiffe
1429 1433 1688 1472 coniunfium.
1728 1435 1778 1474 ln

1119 1502 1196 1540 qua
1217 1501 1260 1528 re
1279 1500 1317 1528 et
1333 1489 1388 1528 illi
1406 1501 1489 1528 non
1509 1487 1644 1538 deerit,
1665 1487 1776 1529 ethis

1119 1556 1314 1598 purgatur.
1386 1543 1465 1586 Sed
1502 1556 1542 1584 et
1582 1546 1775 1601 Cognatas

1118 1602 1211 1640 mihi
1231 1615 1323 1649 erat,
1341 1600 1448 1641 vultu
1477 1601 1650 1641 adiuuat:
1682 1602 1774 1654 quia

1118 1670 1200 1696 non
1225 1672 1247 1696 a
1275 1658 1551 1697 coniunfflone
1574 1658 1773 1710 inceptiua

1117 1710 1242 1752 sumfit
1288 1711 1501 1752 exordium.
1574 1713 1772 1768 cognatus

1115 1767 1208 1807 mihi
1237 1769 1337 1824 erat]
1367 1767 1508 1808 Officia
1532 1770 1655 1808 multa
1682 1781 1774 1809 con·

1116 1835 1172 1864 tra
1181 1823 1354 1865 officium
1365 1837 1480 1864 vnum
1492 1826 1668 1865 Demeae
1678 1823 1772 1866 ami,-

1115 1882 1231 1921 citiae
1249 1894 1292 1921 ac
1311 1882 1508 1922 Micionis.
1565 1885 1616 1923 D.

1172 1938 1365 1993 Cognatas
1397 1936 1489 1976 mihi
1523 1937 1622 1992 erat]
1661 1935 1771 1979 Dicit

1113 1992 1180 2032 fibi
1199 1994 1458 2033 neceffitatem
1479 1995 1692 2039 maximam,
1731 2004 1771 2034 vt

1113 2051 1306 2103 virginem
1338 2049 1548 2097 defendat,
1576 2048 1602 2089 si
1622 2046 1769 2091 deserta

1111 2104 1247 2155 suerit,
1277 2119 1326 2146 ex
1345 2105 1421 2145 hoc
1440 2106 1567 2145 cumul
1595 2133 1769 2146 .....

1250 2162 1316 2202 {ibi
1346 2161 1473 2202 fuerat
1499 2174 1585 2201 cum
1613 2162 1770 2215 puellae

1110 2230 1221 2272 patre
1238 2221 1302 2270 (ex
1322 2217 1389 2257 boc
1408 2220 1565 2257 cumulus
1575 2216 1638 2269 fit,
1669 2218 1769 2271 qnod

1110 2275 1222 2314 multa
1240 2275 1494 2327 fizmiliaritar
1509 2274 1585 2326 leu‘
1605 2276 1648 2329 ᾖ
1674 2289 1703 2315 c.
1722 2283 1766 2329 p.

1135 2361 1142 2370 .
1172 2333 1250 2382 z).
1307 2333 1351 2372 E.

1166 2385 1266 2426 Illud
1288 2384 1452 2434 Paruoli,
1470 2384 1575 2439 quod
1597 2386 1636 2426 in
1656 2384 1764 2426 libris

1109 2441 1333 2494 quibusdam
1354 2454 1466 2491 extat,
1495 2443 1550 2483 est
1570 2445 1690 2496 plane
1707 2443 1766 2484 in·

1108 2510 1255 2551 eptum.
1310 2501 1350 2538 Β.

1162 2568 1216 2608 49
1253 2555 1329 2595 Νἰίί
1365 2569 1434 2607 pro
1465 2554 1624 2595 Edam·
1657 2554 1763 2608 legat

1107 2610 1258 2657 Educ'ti,
1289 2612 1413 2652 versus
1441 2612 1537 2652 stare
1564 2626 1645 2651 non
1679 2620 1762 2664 pot·

1106 2667 1171 2706 est.
1229 2670 1267 2707 B.

1161 2734 1215 2776 50
1245 2725 1501 2779 Paupertaeem
1517 2737 1592 2765 vna
1604 2720 1762 2778 pertuli·

1682 2790 1763 2819 m
