1827 3180
623 200 916 248 HECYRA.

1331 209 1420 259 39¹

203 335 282 386 ΡΑ
304 347 361 380 M.
400 333 513 388 Quis
535 345 606 378 mc
632 328 691 377 est
714 327 989 380 fortunatior,
1022 320 1331 388 venustatisque
1353 325 1423 371 ad·

303 425 355 456 eo
382 406 584 474 plenior?

206 480 349 546 Egon’
387 496 430 531 te
470 502 554 549 pro
589 483 674 530 hoc
714 480 878 528 nuncio
909 475 1016 542 quid
1047 474 1238 524 donem?
1286 474 1426 540 quid?

304 560 439 624 quid?
477 559 630 606 nescio.

120 651 180 688 ιο
214 632 355 683 PAR.
405 640 463 682 At
500 651 583 695 ego
624 633 722 680 scio.
768 628 901 685 PAM.
946 627 1080 693 quid?
1125 624 1272 675 PAR.
1319 626 1428 673 nihil

308 713 445 758 enim:

209 786 329 834 Nam
352 802 493 850 neque
515 787 560 832 in
581 785 758 837 nuncio,
779 797 922 846 neque
941 781 989 828 in
1009 795 1081 827 me
1102 778 1194 845 ipso
1224 776 1304 826 tibi
1324 776 1431 825 boni

309 862 414 926 quid
436 860 498 914 fit,
521 860 619 908 scio.

213 936 247 985 P
261 951 293 983 A
310 951 363 983 M.
398 941 565 997 Egone,
592 937 667 998 qui
689 933 740 981 ab
767 937 886 981 Orco
903 943 1129 980 mortuum
1150 927 1435 977 mereducem

312 1014 357 1060 in
386 1008 528 1059 lucem
549 1012 713 1062 feceriS,

217 1091 365 1137 Sinam
396 1087 484 1134 fine
508 1097 691 1134 munere
721 1103 744 1132 a
765 1101 836 1132 me
859 1083 1008 1132 abire?
1044 1081 1123 1135 ah,
1161 1082 1347 1128 nimium
1368 1094 1438 1126 me

318 1167 538 1225 ingratum
561 1155 710 1228 putas!

189 1294 193 1298 ,
219 1238 303 1287 Sed
324 1238 579 1286 Bacchidem
599 1253 743 1283 eccam
760 1235 888 1282 video
906 1232 1011 1281 stare
1034 1243 1133 1279 ante
1153 1229 1330 1279 ostium:

132 1333 185 1379 ις
222 1319 300 1362 Me
322 1311 545 1379 exspefflat,
570 1311 723 1358 credo:
752 1311 892 1358 adibo.
923 1309 1022 1357 BA.
1053 1308 1177 1359 salue,
1204 1304 1445 1370 Pamphile.

225 1389 259 1439 P
273 1403 306 1434 A
321 1403 372 1435 Μ.
404 1392 445 1435 O
473 1387 664 1440 BacchiS,
688 1405 714 1434 o
738 1403 834 1433 mea
855 1385 1046 1437 Bacchis,
1067 1383 1267 1430 seruatrix
1288 1397 1398 1428 mea.

157 1597 179 1640 3
219 1588 314 1644 Qis
338 1601 393 1627 me
419 1585 464 1640 est
489 1587 750 1641 fortunatior,

98 1644 361 1697 venustansque
372 1644 460 1682 adeo
475 1642 667 1696 pleniorP]
688 1640 750 1681 Ob

96 1699 288 1753 beneficia
308 1700 471 1738 Veneris
483 1711 494 1745 ;
523 1699 584 1737 cui
604 1708 752 1736 contra-

100 1759 202 1799 rium
218 1755 433 1807 inuennflm,
463 1755 524 1793 cui
547 1764 680 1792 contra
698 1765 756 1792 re-

97 1813 233 1853 ciderit
244 1813 450 1862 (ceciderit)
462 1809 565 1862 quod
575 1820 686 1848 amat.
705 1811 754 1848 D.

157 1866 447 1921 Venuflattsque]
479 1867 530 1917 Q.
542 1869 636 1905 Aur.
650 1865 755 1917 Sym-

1351 1458 1448 1502 ΒΑ.

801 1585 932 1633 cedat,
964 1585 1053 1637 lege
1075 1596 1122 1622 ex
1149 1580 1284 1621 nostris
1302 1579 1452 1619 vniuer·

801 1641 857 1690 fis,
880 1641 1007 1694 Egone
1021 1652 1090 1693 pro
1108 1638 1176 1678 hoc
1194 1651 1228 1677 te
1239 1638 1381 1675 nuncio.
1411 1637 1452 1674 Β.

861 1708 906 1738 11
945 1697 1047 1735 Nam
1079 1706 1194 1747 neque
1231 1695 1269 1731 in
1303 1688 1455 1742 nuncio]

802 1753 928 1805 Magis
949 1749 1040 1790 scire
1059 1751 1159 1796 vult,
1185 1762 1298 1800 quam
1316 1756 1456 1785 munus

805 1810 992 1858 accipere.
1052 1806 1156 1845 Nam
1176 1817 1287 1857 neque
1304 1806 1344 1841 in
1366 1815 1458 1841 nun-

807 1867 875 1913 cio,
907 1876 1018 1916 neque
1034 1865 1072 1901 in
1093 1872 1146 1900 me
1166 1860 1242 1913 1⁴pr
1265 1859 1351 1897 boni
1371 1857 1461 1910 quid

102 1922 226 1967 mach.
251 1923 316 1962 lib.
337 1936 366 1962 ι.
389 1921 503 1974 Epist.
523 1933 586 1974 72.
617 1921 686 1960 Res
708 1933 758 1958 ce·
794 1920 870 1976 fit,
893 1919 992 1971 scio]
1021 1919 1157 1958 Facete
1181 1917 1262 1969 agit
1278 1914 1460 1955 Terenti-

103 1982 197 2021 tidit
215 1994 260 2019 ex
278 1991 375 2023 voro,
398 1992 486 2018 υτον
505 1977 587 2030 uste
605 1990 677 2029 quo
696 1989 757 2014 vo-

107 2037 179 2087 lui,
204 2038 279 2075 iam
297 2033 388 2073 mdn·
409 2035 548 2074 Comici
567 2032 760 2082 adolefien-

108 2097 157 2133 tis
191 2105 277 2130 voce
310 2090 533 2130 clamandum
560 2088 628 2141 est,
665 2087 760 2142 Qis

108 2162 163 2187 me
180 2146 287 2186 bodie
294 2147 536 2199 fortunatior
555 2142 766 2197 venustatis

110 2215 180 2256 que
191 2203 280 2240 adeo
293 2202 462 2253 plenior?
473 2202 604 2248 Aliter,
618 2197 679 2240 sed
691 2213 765 2238 ma-

112 2259 164 2303 le,
190 2258 374 2296 Terentii·
394 2257 518 2294 locum
546 2253 647 2295 Non.
670 2258 768 2297 Mar·

113 2313 230 2353 cessus
242 2310 366 2351 laudat
377 2313 417 2349 in
429 2309 705 2361 voceVetustas.
728 2312 767 2348 L.

167 2381 192 2420 9
222 2366 329 2421 Qid
348 2366 498 2405 donem?
516 2366 627 2418 quid?
656 2364 770 2418 quid?

115 2424 253 2475 nescio]
282 2422 484 2466 Μελλησμός.
515 2432 553 2459 vt
572 2423 693 2473 (Aen.
713 2432 770 2467 w,

119 2482 253 2535 532),
277 2477 443 2532 pelagine
467 2478 565 2515 venis
585 2473 772 2515 moribus

118 2536 242 2579 ac‘tus?
279 2536 340 2573 An
369 2535 511 2572 monim
539 2533 686 2571 diuum?
725 2544 772 2569 an

119 2595 209 2646 quia
229 2590 436 2642 tesortuna
447 2590 610 2644 fatigat,
642 2588 690 2627 Vt
709 2590 774 2626 tri-

116 2647 187 2700 stes
203 2647 282 2699 sine
299 2645 381 2697 sole
399 2646 534 2694 domos,
562 2642 640 2683 loca
660 2641 777 2683 turbu·-

125 2704 185 2752 δα,
207 2703 357 2744 adires?
412 2705 463 2743 D.

182 2762 244 2799 Ne
275 2754 402 2797 versus
429 2754 533 2809 pede
565 2753 701 2794 claudo
725 2755 782 2793 in·

807 1990 870 2016 us:
903 1985 1046 2026 quanto
1062 1973 1185 2025 magis
1197 1975 1384 2011 l’almeno
1398 1981 1462 2006 cu-

808 2029 927 2072 riosus
954 2029 1028 2077 est,
1064 2040 1169 2068 tauto
1190 2028 1312 2081 magis
1343 2022 1462 2065 nescit

810 2089 887 2135 illa,
904 2099 1005 2138 quae
1023 2086 1138 2136 cupit.
1194 2086 1241 2124 D.

863 2144 990 2195 Neque
1013 2143 1052 2180 in
1070 2154 1123 2179 me
1143 2138 1236 2192 ipso]
1270 2135 1341 2178 Ms.
1354 2140 1393 2176 R.
1407 2149 1465 2175 ne-

816 2202 936 2253 quein
956 2195 1160 2248 memetipso
1181 2192 1262 2240 tibi,
1283 2204 1355 2233 etc.
1385 2195 1425 2232 L.

873 2267 922 2296 12
959 2253 1089 2293 Editio
1127 2260 1199 2289 vet.
1239 2260 1279 2287 et
1312 2260 1409 2286 vnus
1445 2261 1467 2286 e

816 2308 944 2351 Codd.
973 2308 1102 2360 Regiis
1134 2305 1327 2344 recentior
1356 2303 1469 2348 rei-{en

818 2365 926 2419 Egon
945 2377 989 2409 te,
1018 2365 1080 2415 qui
1100 2361 1142 2399 ab
1166 2362 1276 2399 Orco.
1308 2362 1402 2399 Nam
1420 2360 1468 2396 ita

820 2419 860 2459 fit
879 2419 1079 2463 lambiens,
1099 2428 1137 2455 vt
1158 2415 1334 2467 sequens.
1379 2416 1417 2453 B.

880 2478 927 2517 16
961 2476 994 2514 O
1021 2473 1190 2514 Bacchis!
1217 2486 1237 2511 ο
1269 2484 1344 2509 mea
1375 2471 1468 2509 Bac-

823 2528 919 2570 chis!
944 2528 1138 2585 scrutatrix
1161 2532 1252 2572 mea]
1284 2530 1391 2566 Bene
1411 2524 1475 2564 ad-

824 2585 945 2624 ditum
964 2585 1035 2632 est,
1062 2586 1260 2624 Scruatrix
1286 2597 1372 2622 mea.
1428 2583 1474 2620 Et

825 2641 895 2691 (Vt
909 2640 1233 2689 Edd.ve11.)Mea,
1255 2638 1358 2689 quod
1369 2636 1477 2690 supra

827 2698 933 2747 ὠκέϊ,
951 2697 1127 2737 amatoris
1147 2694 1211 2736 est.
1267 2697 1316 2735 D.

962 2758 988 2794 Β
1004 2753 1026 2791 b
1055 2765 1084 2803 4
