1875 3292
391 211 484 258 ¹70

780 191 950 244 ACT.‘
966 194 1023 241 V.
1070 193 1268 245 SCEN.
1299 197 1352 245 11.

458 318 764 374 Achs
836 317 1193 379 QVINTI
1244 301 1547 373 s'cENA
1601 318 1676 372 11.

671 409 909 451 DROMO.
972 408 1179 450 SYRVS.
1235 410 1466 474 DEMEA.

512 538 616 653 H

752 617 784 667 S
796 633 840 666 Υ.
876 620 960 667 abi.

640 563 663 591 z
693 562 722 592 v
755 545 802 594 s!
850 547 983 607 Syre,
1022 553 1150 606 rogat
1188 553 1232 593 te
1272 542 1478 611 Ctesipho
1509 556 1556 595 vt
1586 545 1752 594 redeas.

515 695 621 747 DE.
662 696 786 751 Quid
819 693 1130 762 Ctesiphonem
1164 695 1238 744 hic
1272 697 1448 744 narrat?
1495 693 1588 744 Sv.
1624 697 1749 746 nihil.

615 770 664 819 D
679 784 723 818 E.
757 772 842 820 eho
863 772 1080 828 carnufex,

510 846 587 896 Est
598 846 803 914 Ctesipho
814 850 966 896 intus?
983 847 1030 896 S.
1053 846 1232 897 nonest.
1255 846 1320 898 D.
1345 865 1423 896 cur
1434 847 1749 897 hic'nominat?

512 923 545 972 S
561 939 608 971 Υ.
641 922 714 971 Est
732 924 839 970 alius
865 924 1056 989 quidam,
1076 922 1340 990 parasitaster
1365 923 1602 989 paruolus:

452 1018 478 1065 5
515 998 736 1049 Nostine?
785 997 832 1047 D
847 1013 890 1046 Ε.
936 1002 1023 1047 iarn
1052 999 1181 1049 scibo.
1222 998 1253 1049 S
1267 1015 1310 1048 Υ.
1353 999 1461 1065 quid
1493 1001 1617 1062 agis?
1661 1019 1755 1068 quo

611 1075 736 1123 abis?
772 1071 877 1122 DE.
918 1078 1044 1124 mitte
1073 1093 1160 1123 me.

511 1149 560 1200 S.
574 1151 701 1205 Noli,
715 1152 909 1216 inquam.
924 1150 987 1200 D.
1009 1170 1103 1201 non
1115 1167 1299 1200 manum
1310 1149 1509 1206 abstines,
1531 1152 1755 1216 mastigia?

434 1345 455 1376 1
485 1333 607 1374 Heus!
637 1331 751 1387 Syre]
781 1333 915 1384 Quam
937 1332 1040 1372 clare

375 1391 496 1436 dicat,
530 1389 745 1430 ostenditur
773 1401 822 1428 ex
853 1402 902 1428 eo
933 1388 1038 1440 quod

375 1446 568 1500 praemifit
589 1448 714 1495 Heus,
743 1455 956 1497 antequam
983 1445 1040 1484 lo-

374 1513 573 1555 queretur.
636 1501 817 1555 Ctefipho]
852 1502 958 1542 Mire
977 1500 1041 1540 ad-

374 1562 500 1600 ditum
532 1572 683 1599 nomen
714 1558 787 1598 est:
826 1566 1040 1613 quumssaut

371 1616 453 1655 fine
481 1616 575 1664 hoc,
609 1625 678 1654 aut
709 1627 782 1667 per
810 1626 1038 1665 pronomen

1680 1236 1754 1278 An

1091 1331 1245 1382 fistater,
1271 1329 1336 1372 sed
1357 1332 1452 1375 alius
1465 1333 1665 1387 Ctefipho,
1686 1335 1754 1386 qui

1093 1389 1147 1428 est
1171 1387 1415 1441 parafitaster.
1468 1395 1519 1434 Et
1547 1390 1654 1432 bene
1678 1405 1756 1431 non

1088 1446 1196 1495 alter,
1222 1442 1286 1484 sed
1307 1446 1420 1486 alius:
1446 1447 1548 1500 quafi
1568 1462 1650 1486 non
1662 1448 1754 1496 duo,

1090 1500 1156 1542 sed
1175 1502 1286 1553 multi
1303 1501 1376 1542 {int
1396 1503 1670 1556 Ctefiphones.
1707 1507 1756 1545 Et

1088 1558 1164 1598 hoc
1182 1557 1228 1598 fic
1248 1560 1591 1609 pronunciandum
1611 1561 1678 1610 est,
1715 1571 1755 1601 vt

1088 1614 1197 1654 fimul
1225 1625 1263 1653 et
1283 1627 1453 1666 quaerat,
1485 1627 1525 1655 et
1543 1617 1642 1656 dicat
1663 1617 1754 1656 No-

371 1672 542 1725 intelligi
581 1671 694 1722 poffit
733 1668 930 1721 Ctefipho.
987 1669 1039 1708 Vt
1078 1671 1177 1722 stin?
1208 1669 1327 1720 Quasi
1355 1667 1616 1723 sycophanta,
1646 1686 1753 1712 nuuc

373 1728 513 1776 redeas]
543 1726 685 1766 Redeas
705 1725 889 1773 dicende,
910 1722 1037 1763 osten·
1086 1726 1246 1773 addidit,
1267 1724 1419 1777 nostin';
1447 1741 1538 1767 nam
1565 1740 1754 1768 veterato-

371 1785 429 1822 dit
446 1795 486 1822 et
504 1781 613 1822 illum
630 1784 734 1821 inter
748 1781 900 1833 poeula,
924 1794 944 1819 a
959 1793 1036 1832 quo

372 1835 546 1895 egreffus
568 1837 622 1880 est
641 1838 781 1877 ebrius.
836 1841 888 1879 D.

422 1897 541 1936 Heus!
578 1894 684 1947 Syre,
722 1904 842 1950 rogat
879 1906 914 1932 te
955 1893 1035 1933 Cte-

359 1954 481 2004 sapho,
501 1965 542 1991 vt
561 1948 702 1997 redeas]
735 1953 835 1990 Puer
862 1945 991 1988 miffus
1014 1963 1036 1988 a

296 2014 304 2022 “
367 2008 609 2061 Ctefiphone
628 2001 888 2054 adolescente,
920 2006 1035 2059 igno·

368 2079 456 2104 rans
480 2076 629 2117 patrem
651 2059 906 2116 praesentem,
927 2073 1035 2100 reuo-

368 2134 427 2162 cat
447 2124 600 2175 Syrum,
626 2132 664 2158 et
685 2120 790 2167 dicit,
827 2117 863 2158 se
883 2115 1034 2157 miffum

368 2193 390 2216 a
441 2175 694 2229 Creiiphone.
751 2186 788 2214 vt
829 2172 1035 2227 cognoscat

367 2235 486 2283 (Hinc
510 2231 560 2285 fit
581 2246 623 2272 vt
645 2245 748 2287 cogn.
771 2232 833 2270 vel
862 2232 936 2284 leg.
962 2229 1035 2270 Vbi

369 2291 559 2345 cognosti:
583 2291 643 2340 Z.)
685 2299 793 2340 pater
821 2289 924 2326 intus
957 2285 1034 2326 effe

369 2346 510 2394 filxum,
553 2345 809 2385 vehementer
844 2341 1030 2391 irascitur,

368 2405 469 2440 intro
488 2405 543 2442 ire
563 2403 726 2453 cupiens
744 2411 898 2440 tenetur
921 2414 942 2439 a
965 2397 1035 2438 ser-

369 2472 420 2496 uo
442 2457 527 2506 suo,
558 2456 632 2503 sed,
661 2459 810 2509 impetu
830 2455 947 2503 fastu,
977 2457 1035 2494 in-

370 2512 517 2566 gressus
537 2513 660 2553 filium
682 2515 784 2553 intus
798 2507 874 2552 'esse
892 2525 1035 2566 cogno-

369 2572 436 2608 uit.
500 2573 541 2609 Ε.

422 2640 449 2678 4
479 2624 538 2676 13st
559 2624 654 2663 alius
676 2624 835 2678 quidam,
854 2623 1034 2676 parafita-

1088 1782 1139 1821 ris
1161 1779 1224 1829 est,
1251 1781 1368 1822 etiam
1386 1785 1642 1824 mentientem
1663 1799 1751 1827 con-

1087 1836 1222 1878 fidere.
1283 1839 1335 1878 Ι).

1141 1890 1383 1946 Parafi'taster
1397 1895 1591 1949 paruolus]
1623 1894 1694 1938 Ms.
1701 1902 1748 1944 R.

1086 1959 1126 1988 et
1158 1960 1246 1989 vett.
1267 1951 1377 1991 codd.
1399 1950 1637 2006 parasitaster
1661 1966 1750 2009 pau-

1083 2004 1191 2046 iulus,
1244 2009 1286 2050 L.

1142 2063 1257 2103 Refie
1277 2065 1317 2103 in
1338 2065 1474 2105 Bemb.
1498 2077 1538 2106 et
1554 2063 1750 2119 plerisque

1086 2119 1223 2158 nostris
1242 2119 1295 2160 est
1311 2120 1504 2162 Paululus.
1545 2125 1642 2163 Nam
1654 2124 1751 2164 Par·

1086 2176 1185 2215 uolus
1216 2176 1267 2216 de
1294 2187 1421 2216 aetate
1449 2179 1563 2218 etiam
1593 2179 1746 2229 dicitur,

1085 2232 1260 2272 Paululus
1290 2246 1491 2285 nunquam
1521 2234 1590 2275 nisl
1613 2236 1664 2276 de
1682 2235 1750 2276 sta·

1087 2300 1189 2329 tura:
1218 2299 1257 2328 vt
1275 2288 1337 2328 hic
1358 2288 1409 2328 fit.
1467 2293 1508 2331 13.

1143 2358 1164 2399 ς
1207 2344 1313 2400 Qid
1348 2348 1460 2400 agis?
1507 2361 1578 2401 quo
1612 2347 1748 2404 ubist]

1086 2404 1171 2441 Hoc
1194 2402 1268 2441 iam
1290 2400 1399 2440 ebrio
1423 2405 1630 2451 conuenit,
1663 2419 1746 2445 non

1086 2458 1142 2497 illi
1172 2470 1289 2509 quem
1316 2462 1575 2511 cognouimus
1594 2463 1748 2514 Syrum.

1085 2517 1182 2554 Nam
1201 2515 1307 2565 quod
1328 2517 1471 2556 retinet
1487 2515 1630 2566 senem,
1657 2531 1747 2557 con-

1085 2569 1256 2610 seffionis
1279 2584 1402 2623 genus
1424 2571 1489 2613 est.
1544 2577 1596 2614 D.

1142 2629 1167 2668 6
1202 2625 1294 2665 Non
1314 2642 1458 2667 »nanum
1479 2626 1641 2678 abstines,
1669 2643 1743 2668 ma·

361 2681 438 2734 fler
458 2679 653 2735 paruolus]
689 2685 777 2722 Non
813 2683 908 2720 alius
929 2694 1035 2733 para·
1077 2680 1188 2736 stigia
1203 2682 1235 2736 [s]
1258 2686 1379 2723 Etiam
1394 2683 1558 2724 mieciffe
1576 2699 1745 2731 manum.

1704 2753 1744 2782 vs
