1875 3292
413 239 519 290 432-

820 226 973 273 ACT.
1008 227 1040 270 1.
1084 210 1284 274 s‘cEN.
1318 229 1376 276 11.

547 351 757 403 Postridie
777 353 830 400 ad
852 370 985 400 anum
1004 350 1124 401 resta
1153 356 1323 420 pergit:
1367 332 1572 410 obsecrat,

545 436 608 479 Vt
628 429 705 478 fibi
729 432 819 477 eius
844 430 967 476 faciat
987 432 1174 496 copiam.
1213 430 1283 476 ilia
1305 433 1423 478 enim
1451 432 1491 479 se
1511 440 1666 493 negat:

546 511 711 571 Neque
732 523 832 553 eum
855 522 1041 570 aequom
1063 507 1122 553 ait
1138 505 1291 553 facere:
1314 507 1430 555 illam
1453 510 1595 556 ciuem
1610 504 1692 558 effe
1704 511 1788 558 At-

645 585 788 635 ticam,

449 661 481 710 6
490 676 515 724 5
551 662 734 711 Bonam,
759 659 883 705 bonis
905 669 1181 723 prognatam.
1223 656 1253 704 si
1277 676 1455 706 vxorem
1476 660 1594 715 velit,

546 739 666 797 Lege
685 734 730 782 id
751 735 882 782 licere
901 734 1065 782 facere:
1099 732 1162 781 sm
1185 735 1322 785 aliter,
1343 746 1488 797 negat.

467 999 523 1038 62
552 992 735 1043 Postridie
759 991 811 1034 ad
837 1005 949 1032 anum
972 993 1071 1033 reeta

407 1051 555 1107 pergit]
586 1054 670 1090 Hoc
679 1050 929 1104 praestruens,
949 1051 1070 1088 anicu-

411 1109 467 1147 lae
494 1105 604 1158 supra
632 1107 876 1146 mentionem
912 1104 1068 1145 fecerat.

410 1168 462 1206 Et
480 1163 586 1204 bene
604 1175 758 1203 memor
778 1174 818 1202 et
837 1163 1009 1216 virginis,
1030 1172 1071 1200 et

412 1219 626 1271 honestae,
655 1232 736 1259 non
760 1216 878 1271 ipsam
898 1218 992 1257 adiri
1020 1216 1073 1257 fa·

415 1278 487 1326 cit,
519 1274 584 1316 sed
610 1289 747 1315 anum:
773 1287 906 1327 neque
925 1274 971 1314 ab
993 1271 1073 1326 ipsa

415 1334 497 1387 peti
514 1331 677 1372 fruitum
697 1332 913 1384 voluptaris,
937 1344 985 1370 ex
1011 1343 1071 1368 cu-

414 1393 471 1430 ius
507 1386 671 1442 persona
703 1389 828 1428 maior
854 1385 1071 1440 desperatio

412 1443 663 1487 nascebatur:
693 1442 759 1484 sed
786 1458 808 1484 a
825 1446 974 1484 nutrice
996 1456 1068 1495 po-

414 1505 500 1547 tius,
522 1514 593 1554 per
613 1514 729 1553 quam
746 1498 894 1540 suaderi
912 1501 1070 1553 puellae

412 1557 521 1614 posse
537 1558 721 1605 creditur,
758 1557 939 1610 quicquid
961 1556 1068 1596 libet.

413 1615 597 1666 Postridie
613 1615 664 1653 ad
682 1627 789 1653 anum
806 1614 919 1662 rec‘fa]
951 1614 1070 1659 Ε’μφα-

411 1675 528 1717 τικῶς,
557 1670 607 1710 ad
634 1683 745 1709 anum
763 1669 911 1719 stasim:
946 1679 986 1708 vt
1004 1669 1069 1717 qui

410 1725 674 1780 posthabuerit
701 1727 831 1763 omnia
857 1726 942 1763 alia.
1001 1725 1064 1762 Re-

411 1785 485 1838 eta]
497 1784 601 1834 Quia
617 1794 699 1820 non
713 1793 782 1832 per
794 1782 992 1819 nuncium.
1015 1779 1065 1816 D.

468 1842 520 1892 63
557 1839 608 1879 Vt
628 1836 702 1892 fibi
728 1840 804 1876 eius
822 1837 949 1888 finiat
967 1836 1068 1887 copi-

412 1896 490 1950 am]
521 1893 624 1935 Vide
649 1905 689 1934 vt
717 1892 815 1932 nihil
844 1893 893 1932 de
919 1893 1068 1945 virgine

411 1950 559 2004 speret,
589 1951 655 2002 qui
688 1950 820 1988 omnia
849 1947 896 1988 ab
915 1947 1071 1987 anicula

412 2008 535 2062 petat.
588 2006 655 2046 Illa
674 2011 765 2045 enim
777 2005 820 2056 se
837 2004 964 2059 negat]
992 2004 1065 2044 Co-

412 2066 515 2119 piam
538 2062 733 2110 facturam,
754 2059 985 2101 subauditur.
1017 2062 1065 2100 D.

464 2120 545 2161 Sibi
564 2122 639 2159 eius
661 2117 897 2170 Anapaestus
915 2116 986 2167 est,
1016 2117 1066 2156 11-

410 2177 447 2218 Ia
466 2179 628 2230 primam
651 2176 817 2225 corripit.
875 2177 914 2214 B.

464 2237 518 2288 64
554 2234 687 2286 Neque
718 2244 800 2269 eum
827 2242 983 2284 aequum
1010 2231 1067 2270 ait

399 2290 548 2343 [σανα]
584 2291 673 2329 Non
702 2287 808 2339 quod
835 2297 958 2332 amet,
1001 2283 1066 2325 sed

411 2345 518 2399 qnod
545 2345 618 2384 hoc
647 2355 763 2396 petat.
823 2345 951 2396 Neque
967 2342 1065 2397 eum]

410 2402 530 2452 Quod
564 2410 716 2453 peteret
742 2398 894 2438 scilicet.
959 2397 1066 2437 Illam

411 2473 524 2497 (mem
549 2458 611 2509 eJJe
635 2456 817 2510 Am'cam]
849 2455 949 2494 Illam
978 2468 1063 2493 cum

410 2520 552 2558 δμῲάσίι
572 2515 687 2552 dixit:
709 2517 810 2564 quai!
823 2511 932 2560 dicat,
948 2521 1063 2562 quam

409 2577 458 2610 tic
478 2580 710 2608 contemnat.
765 2571 814 2608 D.

466 2628 645 2676 Plerique
675 2625 801 2667 Codd.
841 2620 1065 2663 melioribus

407 2684 582 2724 numeris
599 2683 647 2720 fic
665 2682 874 2725 collocant,
900 2682 1063 2732 Aequum

398 2742 531 2792 facere
556 2741 625 2780 ait.
680 2739 893 2778 Caeterum
911 2748 981 2789 pro
992 2730 1063 2774 Fa-

1601 844 1782 904 Noster,

1122 1005 1199 1032 cere
1216 992 1349 1032 malim
1373 990 1521 1040 Petere,
1558 990 1609 1032 ob
1629 989 1779 1036 sensum

1121 1048 1437 1094 commodiorem,
1457 1060 1496 1088 et
1516 1049 1780 1089 austeritatem

1118 1108 1287 1153 Donati,
1330 1106 1396 1157 qui
1432 1106 1486 1145 ita
1509 1102 1646 1159 legiss‘e
1674 1103 1781 1146 vide·
1807 1124 1810 1126 ·

1118 1174 1189 1202 tur.
1253 1165 1295 1204 Β.

1177 1275 1229 1326 65
1267 1274 1414 1320 Ciuem,
1447 1269 1580 1313 bonam
1594 1271 1674 1325 effi]
1716 1271 1778 1314 cib

1119 1343 1221 1377 uem,
1269 1343 1348 1382 quo
1384 1329 1431 1369 ad
1467 1330 1549 1370 iura
1583 1330 1776 1382 pertinet:

1121 1385 1252 1426 bonam
1267 1399 1342 1438 quo
1359 1385 1406 1425 ad
1425 1383 1555 1437 ipsam.
1609 1385 1783 1441 Bonam]-

1119 1446 1210 1483 Non
1247 1443 1384 1482 vilem:
1431 1440 1520 1493 quita
1558 1442 1648 1482 boni
1689 1455 1781 1482 non·

1119 1500 1210 1539 viles
1245 1497 1342 1538 sunt.
1385 1499 1488 1537 vnde
1522 1497 1777 1551 superlatiuus

1121 1555 1258 1610 gradus
1291 1556 1495 1605 optimazes
1530 1554 1638 1594 facit:
1685 1555 1777 1605 quia‘

1118 1614 1256 1661 Bonus,
1277 1613 1418 1660 melior,
1442 1612 1599 1664 optimus
1619 1611 1774 1649 dicitur.

1119 1669 1236 1707 Bonis
1268 1667 1520 1722 prognatum]
1567 1665 1684 1717 Quod
1724 1664 1778 1705 ad·

1116 1725 1280 1763 maiores
1315 1728 1408 1761 eius.
1466 1720 1509 1760 Si
1541 1735 1691 1762 vxorem
1719 1734 1776 1761 ve·

1118 1779 1181 1831 lit]
1216 1779 1329 1820 Reae
1352 1776 1552 1826 subiunxit,
1566 1778 1607 1829 s¹
1618 1791 1773 1816 vxorem

1117 1837 1225 1878 velit:
1258 1835 1454 1886 postquam
1484 1845 1530 1872 ea
1558 1847 1595 1872 in
1618 1834 1773 1886 virgine

1119 1892 1316 1944 praetulit,
1351 1903 1451 1941 quae
1479 1887 1601 1930 solent
1630 1901 1775 1929 ornare

1121 1948 1287 1997 nuptias.
1333 1950 1395 1987 D.

1171 2003 1314 2044 Bonam
1333 2001 1436 2041 bonis
1451 2002 1693 2057 prognatam]
1723 2005 1775 2044 Et

1116 2057 1234 2113 ipsum
1255 2061 1489 2113 ingenuam,
1519 2070 1556 2097 et
1576 2059 1688 2098 bonis
1707 2071 1774 2111 pa·

1117 2116 1289 2157 rentibus
1312 2125 1438 2155 natam
1510 2118 1556 2156 E.

1172 2231 1227 2271 66
1259 2228 1354 2283 Lege
1373 2227 1412 2266 id
1431 2227 1535 2266 licere
1551 2227 1691 2279 facere]
1709 2229 1773 2267 In«

1117 2297 1218 2323 certa
1239 2284 1426 2323 distmfflo
1447 2282 1524 2322 est:
1545 2295 1669 2322 vtrum
1681 2296 1771 2324 vxo-

1115 2355 1190 2380 rem
1208 2341 1299 2380 velit
1317 2342 1414 2394 lege,
1446 2352 1493 2378 an
1514 2338 1590 2394 lege
1606 2340 1645 2377 id
1662 2342 1769 2378 licere

1104 2398 1259 2448 facere?
1313 2398 1378 2437 Sm
1405 2397 1524 2442 aliter,
1551 2396 1674 2450 negat]
1720 2398 1770 2436 Et

1115 2453 1258 2506 pudice
1284 2465 1399 2500 anm,
1429 2464 1468 2492 et
1489 2463 1616 2491 tamen
1639 2453 1768 2490 iiiece-

1116 2508 1237 2558 bruse,
1262 2510 1383 2550 Licere
1390 2507 1518 2560 fhcere
1537 2506 1643 2555 dixit,
1661 2504 1769 2558 quod

1116 2565 1182 2605 ine
1201 2563 1466 2617 impudentius
1489 2565 1606 2616 petit,
1637 2573 1675 2601 vt
1700 2561 1766 2601 {ibi

1115 2622 1200 2661 eius
1217 2620 1328 2659 faciat
1346 2622 1506 2672 copiam.
1562 2620 1627 2660 sin
1645 2617 1767 2665 aliter,

1115 2677 1240 2732 negat]
1260 2676 1337 2716 εὖλλ
1345 2681 1418 2720 ηψις
1436 2675 1531 2714 sach
1541 2686 1589 2713 ex
1603 2673 1771 2728 eoquod'

1114 2731 1293 2785 sequitur,
1310 2734 1452 2786 ficere.
1506 2734 1559 2773 D.
1763 2744 1765 2747 ·
