1875 3292
352 178 452 231 344

743 165 898 212 AcT.
931 163 1006 210 IV.
1045 161 1243 210 SCEN.
1279 162 1329 208 11.

492 297 598 343 Mea
628 292 770 348 causa,
811 292 933 341 nolo.
973 288 1066 339 So.
1099 288 1327 338 nihil-iam
1357 289 1468 338 mihi
1499 285 1623 339 istaec
1655 307 1727 340 res

595 371 831 435 voluptatis
858 369 1018 417 ferunt:

490 450 616 496 Dum
638 448 783 493 aetatis
805 455 980 510 tempus
1003 443 1117 498 tulit,
1142 439 1372 508 perfunaa
1392 442 1486 490 satis
1508 443 1622 490 sum:
1666 442 1730 490 sa-

591 525 669 570 tias
690 524 776 568 iam
797 532 919 568 tenet

493 598 751 648 Studiorum
786 595 981 643 istorum.
1021 595 1128 642 haec
1161 594 1272 642 mihi
1292 611 1412 642 nunc
1432 612 1534 642 cura
1556 593 1616 642 est
1642 612 1732 643 ma-

595 690 738 726 xuma,
759 684 806 720 vt
826 690 880 718 ne
903 674 973 719 cui
994 687 1115 717 meae
1143 722 1146 724 ,

397 770 460 804 20
493 751 814 813 Longinquitas
847 749 994 796 aetatis
1018 745 1189 802 obstet,
1234 757 1484 796 mortemue
1519 744 1734 814 exspestet

596 841 755 873 meam.

369 1047 626 1090 dissuadendo
645 1045 886 1089 commiscuit
905 1056 943 1088 et
962 1045 1032 1087 ho-

366 1106 559 1147 nestatem
580 1116 621 1145 et
642 1105 854 1144 vtilitatem.
911 1107 961 1145 D.

424 1164 614 1218 Cognatas
657 1161 812 1214 defirere
852 1174 886 1201 et
911 1158 1031 1213 fi’llos

367 1218 462 1263 dies]
493 1219 680 1269 Explicat?
708 1217 770 1256 hic
789 1218 897 1257 locus
913 1216 1032 1256 debet

368 1288 420 1315 ex
451 1276 535 1315 val.
565 1278 667 1315 Max.
695 1274 780 1313 libr.
811 1287 848 1316 2.
884 1287 966 1325 cap.
994 1285 1030 1314 2.

368 1336 405 1383 ς.
426 1338 461 1379 8.
497 1332 718 1372 Conuiuium
737 1332 847 1370 etiam
855 1329 1033 1381 sollemne

369 1392 526 1428 maiores
546 1388 794 1442 instituerunt,
815 1387 922 1439 idque
942 1385 1034 1425 Cha-

370 1444 481 1496 ristia
498 1446 781 1497 appellauerunt,
810 1445 870 1481 cui
883 1453 1036 1495 praeter

373 1514 550 1555 cognatos
578 1514 612 1540 et
641 1501 766 1553 ciffi'nes
793 1513 896 1539 nemo
917 1499 1034 1537 'inter-

370 1556 594 1609 ponclmtur,
624 1567 696 1596 etc.
756 1558 842 1596 Hoc
858 1556 898 1594 in
916 1551 1033 1594 Gloss.

374 1612 430 1651 est
444 1613 540 1651 Cara
559 1612 745 1664 cognatlo,
766 1617 1033 1657 τιμησυγγένεικ.

373 1669 604 1708 Tertullian.
626 1667 676 1704 de
693 1665 884 1705 idololatr.
918 1667 1036 1704 Carae

376 1726 610 1778 cognationis
622 1721 828 1760 honoram
851 1721 1036 1775 exigenda

375 1782 512 1819 omnia.
535 1779 609 1817 vid.
624 1778 710 1816 Kal.
724 1776 926 1817 Rusticum.
958 1779 998 1815 L.

438 1847 488 1886 17
517 1835 607 1874 Mea
642 1833 767 1884 causti,
811 1831 910 1880 nolo]
947 1834 1037 1872 Non

378 1890 435 1930 est
466 1888 672 1942 superbum
695 1888 821 1928 Nulo:
850 1887 913 1928 sed
945 1901 1038 1927 con·

376 1945 588 1986 suetudine
616 1946 765 1985 dicitur.
824 1943 938 1983 Nihd
965 1947 1037 1982 iam

376 2003 472 2042 mihi
490 2003 597 2054 istaec
615 2001 691 2048 res]
721 2004 869 2042 Contra
891 2001 1036 2039 omnia.

376 2062 426 2100 Et
461 2059 507 2099 ab
545 2059 685 2099 vltimis
723 2058 872 2109 incipit,
927 2057 1038 2109 Istaec

377 2116 452 2165 res]
494 2117 675 2161 Amieae,
715 2124 925 2167 cognatae,
957 2111 1039 2151 dies

378 2170 480 2211 sesti.
536 2174 585 2212 D.

429 2231 536 2281 Lege
574 2239 624 2266 ex
667 2224 802 2265 nostris
842 2223 1035 2273 omnibus,

375 2283 452 2323 Nil
465 2284 529 2335 pol
546 2286 620 2322 iam
641 2282 769 2334 isthac-c
787 2281 881 2335 mihi
900 2296 957 2321 res
977 2294 1038 2320 vo-

375 2339 538 2392 luptatis
552 2340 698 2390 firma.
757 2341 795 2378 13.

441 2403 485 2444 18
522 2398 620 2434 Dum
649 2398 780 2433 aetatis
811 2406 949 2446 tempus
982 2407 1037 2432 m-

379 2452 444 2503 lit]
482 2451 593 2497 Tulit,
616 2465 684 2503 pro
706 2448 852 2501 passum
870 2450 934 2497 cst,
956 2464 1040 2502 per-

378 2506 488 2545 mitit.
547 2511 593 2546 Et
623 2510 660 2545 in
692 2507 803 2546 bonis
834 2507 960 2550 enim,
999 2516 1039 2545 ct

379 2563 419 2600 in
451 2563 558 2601 malis
593 2563 740 2601 (licitur.
799 2563 901 2602 Dum
938 2575 1039 2601 acta·

382 2620 431 2658 ris
452 2631 591 2668 tempus
615 2620 716 2662 tulit,
731 2620 932 2670 peqficnfl'a
941 2617 1039 2668 sfetis

373 2674 475 2729 sum]
504 2675 556 2722 Si,
575 2674 713 2726 inquit,
733 2686 847 2714 meae
866 2675 1038 2726 volupta-

1643 901 1737 948 Hic

1080 1047 1126 1086 tis
1156 1043 1263 1086 causa
1289 1045 1507 1086 exercenda
1531 1041 1633 1093 sunt,
1660 1045 1739 1085 iam

1081 1116 1164 1142 non
1184 1104 1400 1143 deleciant:
1430 1102 1454 1141 fi
1475 1101 1592 1140 officii
1614 1113 1656 1140 ac
1682 1113 1741 1140 re-

1081 1160 1252 1213 ligionis,
1277 1161 1351 1199 iam
1365 1171 1444 1198 non
1457 1155 1619 1209 pofl’um,
1639 1169 1742 1208 quae

1081 1216 1147 1255 {im
1177 1229 1286 1255 anus.
1342 1212 1559 1255 Necessaria
1581 1213 1742 1253 diuisio:

1083 1273 1173 1324 quia
1197 1273 1263 1311 ille
1281 1283 1320 1310 et
1337 1272 1568 1324 religionem
1581 1267 1745 1310 incuffe-

1084 1339 1140 1369 rat
1181 1328 1367 1368 festorum
1407 1329 1570 1366 dierum.
1638 1326 1744 1366 Dum

1084 1387 1221 1425 aetatis
1249 1396 1388 1436 tempus
1404 1382 1508 1438 tulit]
1540 1386 1651 1431 Non,
1682 1383 1743 1421 in-

1087 1443 1181 1493 quit,
1203 1440 1482 1494 remehendar,
1502 1452 1601 1490 quae
1620 1451 1745 1490 quum

1085 1498 1290 1551 potuerim,
1321 1495 1521 1548 perfuncta
1541 1493 1624 1535 satis
1649 1493 1743 1534 sum.

1086 1556 1149 1594 Sic
1173 1553 1278 1608 Virg.
1301 1555 1418 1605 (Aen.
1450 1566 1505 1600 11,
1534 1554 1647 1604 291.)
1678 1551 1746 1589 Sat

1081 1612 1240 1663 patriae,
1263 1609 1484 1660 Priamoque
1495 1608 1630 1646 datum.
1680 1606 1747 1644 Sa-

1087 1669 1158 1704 tias
1186 1678 1239 1703 me
1268 1664 1380 1716 tenet]
1411 1664 1537 1703 Nimis
1566 1673 1745 1701 materne

1087 1731 1202 1771 atque
1222 1721 1389 1759 aniliter.
1447 1720 1498 1757 D.

1139 1775 1241 1815 Illud
1259 1777 1322 1815 Me
1347 1773 1430 1825 post
1447 1775 1571 1814 Satias
1590 1773 1678 1812 dele
1697 1787 1747 1814 ex

1088 1833 1309 1872 auStoritate
1328 1829 1534 1879 Bembini,
1569 1841 1608 1869 et
1627 1830 1751 1870 nostri

1087 1889 1297 1928 veterrimi.
1355 1891 1396 1928 B.

1148 1956 1197 1996 19
1228 1945 1329 1984 Haec
1348 1941 1441 1992 mihi
1467 1956 1563 1983 nunc
1595 1956 1681 1982 cura
1700 1942 1749 1995 est

1089 2008 1277 2048 maxuma]
1309 2001 1394 2040 Hoc
1412 2000 1527 2038 nimis
1546 1996 1642 2038 serio
1662 2013 1750 2052 pro-

1089 2057 1371 2104 nunciandum,
1390 2067 1440 2106 et,
1469 2056 1528 2095 Ne
1549 2060 1616 2104 cui,
1640 2057 1748 2095 odio-

1089 2111 1139 2158 se,
1163 2128 1214 2154 ne
1237 2113 1323 2153 Tibi
1344 2113 1500 2155 diceret.
1561 2113 1609 2151 Vt
1625 2126 1669 2152 ne
1688 2113 1750 2150 cui

1089 2184 1187 2211 meae
1223 2169 1481 2225 longinquitas
1519 2172 1650 2209 aetatis
1688 2168 1752 2207 ob-

1082 2227 1174 2280 stet]
1206 2229 1290 2266 Hoc
1308 2226 1356 2264 ad
1378 2237 1530 2272 nurum,
1555 2223 1750 2276 exspefia-

1090 2284 1238 2322 tionem
1266 2281 1313 2321 ad
1342 2280 1461 2320 filium
1491 2280 1617 2321 refert.
1654 2281 1750 2320 hinc

1088 2340 1196 2379 enim
1218 2338 1310 2377 odio
1328 2338 1439 2389 digni
1461 2348 1653 2388 parcium,
1673 2336 1751 2376 Ex-

1078 2395 1240 2447 spadam·
1260 2390 1500 2447 appellkmtur.
1560 2398 1610 2436 D.

1142 2455 1214 2491 Pro
1238 2450 1344 2490 Meae
1363 2450 1513 2501 antiqui
1533 2449 1681 2497 Faerni,
1708 2457 1749 2487 et

1089 2507 1269 2559 plerique
1320 2519 1370 2546 ex
1418 2505 1553 2546 nostris
1598 2505 1744 2545 habent

1088 2563 1192 2602 Mea.
1252 2565 1292 2602 13.

1146 2630 1199 2660 20
1228 2618 1504 2672 Longinquitas
1531 2617 1668 2657 aetatis
1686 2613 1751 2655 ob-

1080 2673 1156 2726 stet
1167 2705 1177 2724 ‚
1207 2687 1402 2715 mortemue
1421 2673 1594 2728 exspectet
1612 2672 1751 2726 meam}

1609 2728 1748 2780 Quum
