1875 3308
703 216 1005 263 ADELPH.

1410 227 1498 276 ¹45

266 347 478 398 Habitant
499 346 570 394 hic
593 345 804 410 quaedam
827 343 1054 398 mulieres;
1094 340 1400 406 pauperculae,

267 430 328 475 Vt
348 426 523 489 opinor,
547 423 623 469 has
646 439 738 469 non
758 418 877 468 nosse
896 430 952 468 te,
977 428 1020 465 et
1039 428 1158 465 certo
1177 417 1283 463 scio:

129 645 301 686 cendum
336 641 420 683 fuir.
455 654 494 684 et
530 642 604 681 hoc
641 638 784 688 ἔμφασιν

128 700 247 741 habet
268 700 349 740 vilis
369 701 436 748 rei,
470 712 571 752 quae
593 699 652 737 vel
668 699 783 738 facile

127 757 206 796 dici
232 756 382 814 postire
416 757 477 796 vel
513 768 596 794 non
622 752 782 795 celanda

125 813 179 853 fit.
233 814 283 853 D.

184 880 203 910 1
220 879 241 920 3
290 867 470 908 Mulieres
513 867 779 920 pauperculae]

126 925 219 964 Non
236 925 363 976 potuit
380 925 502 977 magis
523 925 647 965 celare
657 923 783 978 digni·

128 990 247 1018 tatem
274 979 420 1020 formae
447 989 488 1020 et
514 981 646 1020 aetatis
673 979 781 1032 puel-

127 1036 199 1084 lae,
220 1049 319 1087 quae
338 1048 482 1076 amatur
503 1036 550 1075 ab
568 1033 779 1084 Aeschino,

127 1105 241 1143 quarn
264 1103 302 1130 vt
322 1105 408 1132 eam
421 1094 547 1143 primo
558 1093 698 1132 eodem
712 1105 780 1130 no·

124 1149 234 1187 mine
263 1161 351 1187 culn
384 1159 505 1188 matre
540 1150 780 1187 nominaret:

123 1203 271 1243 deinde
291 1206 550 1244 communiter
571 1204 779 1244 diceretde

121 1260 308 1300 ambabus
329 1259 512 1310 minei-sa,
535 1261 674 1312 quibus
688 1274 778 1299 con-

122 1318 243 1356 temni
266 1316 448 1356 debeant.
503 1315 776 1370 Qaedammu-

121 1371 224 1412 lieres
239 1373 498 1427 pauperculae]
528 1374 778 1426 Pauper-culae

121 1429 278 1476 addidit,
303 1441 340 1468 vt
359 1431 481 1482 magis
503 1428 679 1480 desperet
698 1434 777 1470 Ae-

120 1481 272 1524 schinus
291 1486 486 1535 impetrari
506 1482 693 1537 pofl'ehas
711 1499 780 1524 nu-

124 1541 224 1592 ptias
251 1555 273 1580 a
298 1553 417 1593 patre.
473 1544 520 1581 Et
547 1543 641 1580 item
658 1541 780 1594 Que-

122 1597 228 1636 dam:
257 1608 295 1636 vt
323 1597 521 1650 ignobiles
546 1596 779 1636 demonstra·

122 1663 273 1692 rentur.
319 1655 369 1692 Et
385 1663 505 1691 totum
525 1652 598 1691 hoc
619 1665 706 1692 cum
717 1651 780 1691 ab·

120 1709 290 1748 ie‘c'tione
327 1707 667 1760 pronunciandum
708 1707 774 1747 est.

121 1763 316 1819 Qaedam
332 1776 372 1805 et
392 1764 779 1817 Pauperculaedicen-

123 1821 199 1868 do,
231 1821 366 1860 adimit
394 1833 553 1861 omnem
581 1818 685 1872 spem
710 1833 780 1860 nu-

121 1877 311 1929 ptiarum:
343 1891 432 1917 nam
447 1876 649 1931 Quadam,
671 1878 781 1930 igno-

122 1933 247 1972 bilem
265 1933 430 1974 indicat:
460 1935 614 1987 Pauper,
633 1933 780 1972 indota-

125 1998 215 2027 tam.
285 1990 396 2040 Quid
443 2001 540 2043 ergo
590 1999 778 2036 remanet,

123 2043 228 2096 quod
257 2041 385 2096 speret
403 2042 649 2088 Aeschinus?
678 2045 780 2084 Pau·

121 2100 304 2153 penulae]
351 2103 436 2141 Nee
474 2113 662 2154 pauperes
708 2099 779 2140 sal-

125 2169 217 2196 tem.
272 2158 321 2197 D.

165 2210 366 2254 ‘Habitant
392 2211 450 2252 hic
466 2213 640 2266 quaedam
655 2211 779 2253 mulie-

123 2281 182 2308 res
199 2268 449 2320 pauperculae.
486 2270 606 2324 Virgo
617 2282 779 2308 cumma-

124 2338 193 2364 ηε.
248 2325 322 2364 Hic
338 2338 436 2364 naeus
453 2330 606 2375 amicus,
643 2329 706 2378 qui
726 2339 780 2364 me

123 2380 299 2426 adduxit,
310 2382 364 2420 illi
372 2394 500 2435 genere
508 2381 554 2436 est
559 2386 755 2434 proximus
765 2397 780 2418 .-

125 2436 212 2475 huic
238 2435 330 2491 leger
355 2449 490 2490 cogunt
517 2437 650 2478 nubere
673 2437 777 2476 hanc.

123 2492 189 2532 De
208 2505 285 2542 quo
303 2492 372 2531 ille
388 2505 542 2534 contra:
571 2495 781 2535 Commen-

125 2558 190 2587 tae
208 2545 311 2594 sunt,
344 2547 382 2586 h.
406 2562 441 2588 e.
461 2551 647 2589 mentitae
662 2581 672 2600 ,
701 2548 780 2602 Effi

124 2617 173 2643 ex
198 2604 272 2643 alio
299 2607 405 2652 viro,
438 2604 552 2656 nefiio
571 2619 664 2659 quo,
693 2618 781 2660 pue·

125 2672 210 2700 rum
240 2673 391 2700 natum.-
422 2674 532 2714 neque
555 2674 634 2700 eum
660 2665 780 2702 nomi-

125 2727 204 2757 nat.
262 2718 432 2757 Priorem
459 2716 522 2771 effi
548 2714 678 2758 illum:
705 2731 782 2760 non

176 2770 258 2816 Ter.
270 2773 311 2815 C.
329 2773 373 2815 P.
384 2773 436 2814 11.

1432 510 1491 557 15

835 651 1005 693 oportere
1051 636 1140 677 huic
1185 636 1279 676 dari.
1334 636 1495 676 Deinde

833 694 1058 736 adolescens
1115 695 1247 732 omnia
1300 691 1494 740 defendit,

834 752 938 805 quod
961 750 1198 790 conuiciator
1212 748 1266 798 fit,
1297 747 1403 800 quod
1425 748 1496 787 hie

832 821 920 848 earn
939 808 1066 860 potius
1083 805 1227 845 debeat
1245 805 1389 844 ducere
1402 817 1493 844 vxo-

831 878 925 904 rem.
982 866 1131 905 Contra
1155 872 1282 913 pater:
1312 860 1404 917 Qu
1431 875 1494 900 ra·-

832 923 932 961 tione
950 919 1067 973 estne?
1096 918 1234 969 inquit,
1255 920 1335 970 quis
1345 915 1493 969 despon-

830 978 915 1017 dit?
940 978 1021 1029 quis
1039 975 1171 1017 dedit?
1190 986 1256 1012 cur
1272 974 1388 1013 duxit
1404 971 1495 1012 alie-

829 1035 942 1077 nam?
972 1033 1073 1072 Huic
1110 1027 1313 1083 respondit
1332 1026 1492 1070 Aeschi-

829 1103 924 1129 nus:
956 1092 1018 1127 An
1036 1087 1168 1138 fidere
1192 1088 1361 1139 oportuit
1387 1086 1491 1125 doma·

828 1148 1013 1201 virginem
1036 1157 1111 1183 tam
1126 1141 1326 1198 grandem]
1356 1145 1409 1183 Vt
1430 1154 1492 1180 ve-

829 1203 931 1241 niret
962 1197 1092 1240 nescio
1129 1198 1234 1238 vnde
1270 1198 1490 1252 cognatus?

827 1262 876 1299 Et
904 1256 1006 1310 quasi
1028 1256 1154 1311 arguit
1181 1266 1348 1307 patrem,
1376 1252 1488 1305 quod

827 1313 922 1355 haec
964 1314 1088 1366 magis
1123 1311 1304 1352 debuerit
1335 1309 1490 1350 dicere·

827 1373 975 1413 Contra
1004 1370 1070 1408 ine
1101 1367 1257 1406 stultum
1283 1377 1393 1406 vocat
1413 1364 1488 1404 fili-

827 1439 913 1474 um,
944 1424 1129 1477 siquidem
1157 1422 1252 1462 haec
1272 1423 1403 1462 omnia
1422 1423 1489 1474 (o-

827 1484 954 1522 mnino
987 1482 1050 1532 Z.)
1089 1491 1223 1519 contra
1249 1479 1382 1526 illum,
1426 1477 1488 1516 cui

830 1550 982 1577 venerat
1035 1537 1243 1575 aduncatus.
1328 1532 1488 1574 Deinde

829 1594 933 1646 quasi
952 1593 1080 1632 aliena
1097 1590 1265 1630 restituta
1294 1588 1365 1628 {int
1382 1590 1490 1641 (alie-

828 1664 876 1689 na
902 1664 959 1688 res
987 1647 1052 1699 ista
1069 1645 1164 1697 stt),
1196 1656 1330 1686 monet
1350 1644 1487 1692 filium,

828 1717 866 1746 vt
895 1703 1076 1744 discedat.
1131 1704 1248 1742 Tune
1281 1702 1350 1740 ille
1380 1701 1493 1739 lacri-

826 1763 899 1801 mis
918 1760 1238 1812 proditamorem.
1274 1762 1490 1799 Patet-cum

827 1813 1036 1870 quaeiiffet,
1065 1816 1133 1854 ille
1152 1826 1306 1854 nai-rare
1323 1814 1488 1866 cupiens

829 1875 929 1927 petit
954 1885 992 1912 vt
1019 1871 1181 1911 audit-et.
1239 1874 1355 1911 Tunc
1372 1879 1486 1922 patet·

830 1931 962 1970 omnia
982 1926 1019 1968 se
1038 1926 1133 1967 scire
1153 1926 1271 1973 dixit,
1305 1925 1486 1978 obiurgat

829 1987 983 2034 leniter,
1004 1984 1107 2036 quod
1128 1983 1312 2023 celauerit
1333 1979 1381 2020 se.
1408 1983 1453 2020 E.

891 2054 942 2093 14
982 2040 1142 2094 Opinor]
1182 2039 1257 2079 Vel
1285 2038 1384 2078 adeo
1416 2036 1486 2076 ob-

826 2095 958 2138 scurae
987 2095 1093 2146 sunt,
1129 2107 1168 2136 et
1193 2095 1337 2133 nullius
1355 2093 1484 2144 pretii,

826 2168 869 2195 vt
886 2156 1029 2208 opinor,
1050 2153 1199 2192 hasnon
1218 2150 1311 2201 nosse
1330 2163 1375 2188 te.
1414 2151 1488 2188 Po-

828 2212 903 2251 tuit
933 2210 1038 2249 te5te
1066 2209 1198 2248 dicere
1231 2219 1270 2245 et
1297 2205 1390 2253 hoc,
1432 2204 1485 2243 Vt

827 2270 970 2318 opinor,
990 2265 1054 2304 has
1071 2263 1275 2313 nonnostie
1305 2259 1367 2301 sed
1389 2258 1488 2299 illud

831 2321 1009 2362 vetustius
1035 2320 1130 2372 (alii,
1160 2316 1372 2368 venustius).
1432 2315 1488 2355 Vt

830 2381 980 2430 opinor,
1019 2376 1085 2416 has
1105 2388 1180 2415 non
1199 2373 1292 2426 nosse
1321 2372 1374 2426 te]
1405 2376 1487 2413 Aut

829 2433 997 2474 abundat
1023 2445 1085 2471 vt:
1113 2441 1177 2470 aut
1197 2428 1304 2468 deest
1326 2428 1484 2468 Scilicet.

829 2493 1022 2543 Magnum
1042 2498 1172 2526 autem
1193 2487 1339 2525 crimen
1365 2482 1419 2522 est
1440 2484 1486 2523 in

827 2546 953 2586 forma
965 2544 1113 2582 vicinae
1122 2542 1286 2594 puellae,
1307 2541 1483 2592 incogni-

828 2614 905 2642 tam
927 2598 1006 2639 ess‘e
1025 2596 1261 2639 adolescenti
1283 2597 1335 2636 de
1360 2595 1486 2646 proxi-

828 2672 905 2698 mo.
959 2659 1007 2696 Et
1023 2657 1110 2707 quia
1132 2651 1195 2700 scit
1213 2654 1319 2693 hunc
1339 2649 1416 2693 effe
1429 2650 1484 2689 de

830 2727 907 2767 quo
926 2713 1076 2763 dixerit,
1096 2710 1217 2766 Qum
1234 2711 1292 2751 hic
1305 2721 1378 2750 non
1389 2720 1486 2747 ama-

1426 2774 1485 2801 un
