1875 3308
648 198 947 248 ADELPH.

1402 211 1466 246 21*

224 334 428 379 Fateatur
449 328 488 376 se
509 327 670 376 nescire
690 330 906 392 imperare
927 324 1094 375 liberis.

225 407 311 455 Sed
332 406 449 453 estne
469 407 539 453 hic
561 405 691 470 ipsus,
712 404 766 456 de
788 420 877 467 quo
899 401 1116 463 agebam?
1137 410 1181 448 et
1201 401 1365 447 certeis
1386 399 1461 452 est.

223 483 386 532 Nescio
408 483 515 546 quid
539 479 702 528 tristem
725 479 879 526 video:
919 478 1051 526 credo
1073 480 1172 530 iam,
1199 487 1246 525 vt
1270 475 1387 532 solet,

130 575 191 625 55
226 560 437 620 Iurgabit.
475 557 636 606 saluom
657 567 700 605 te
722 556 945 609 aduenire,
968 559 1153 606 Demea,

228 635 505 685 Gaudemus.

214 782 525 837 ACTVS
581 779 847 833 PRIMI
900 777 1204 832 SCENA
1261 775 1339 829 Π.-

480 847 759 913 DEMEAE

822 869 1070 911 MICIo,

88 947 172 1066 Ε
187 1032 215 1060 a
236 1032 258 1060 ε
280 1031 316 1060 u
333 1048 347 1067 ,
378 1021 658 1079 opportune:
696 1019 740 1057 te
760 1009 901 1076 ipsum
923 1008 1136 1074 quaerito.

146 1247 200 1291 52
231 1235 410 1277 Fateatur
433 1232 569 1285 nefiire
594 1235 749 1287 impera-

89 1306 130 1334 re
155 1291 299 1347 liberis]
331 1294 419 1332 Hoc
447 1291 613 1336 indicat,
644 1301 684 1330 et
709 1287 749 1329 se

88 1351 228 1389 melius
248 1346 460 1394 consulere,
490 1359 530 1386 et
550 1348 749 1386 volentem

90 1405 165 1444 hoe
199 1417 395 1445 exercere.
451 1404 606 1456 Nefiire
639 1406 750 1456 impe-

89 1475 177 1502 rare
195 1460 341 1515 liberis]
372 1461 565 1508 omorio,
584 1459 686 1511 quasi
699 1473 752 1498 ar-

91 1520 138 1558 tis
175 1518 218 1557 fit
256 1517 594 1571 indulgentiffime
621 1528 750 1570 agere.

88 1575 285 1627 Imperare,
310 1574 427 1613 modo
448 1586 530 1611 non
556 1571 602 1612 ad
624 1571 753 1624 super-

88 1631 212 1679 biam,
244 1627 308 1670 sed
326 1630 374 1670 ad
396 1629 604 1684 Regendum
623 1629 676 1668 est
696 1641 751 1667 re-

86 1686 310 1728 serendum.
377 1686 559 1726 Fateatur
593 1684 748 1739 nescire]

86 1744 207 1786 Deest
226 1743 284 1783 Se.
345 1744 396 1783 D.

144 1801 346 1843 Bentleius
365 1798 464 1838 duce
480 1800 633 1838 Fam-no
652 1796 748 1836 illud

76 1858 123 1910 sb
162 1856 296 1897 omifit.
341 1856 467 1898 Recte.
534 1857 632 1895 Nam
673 1866 749 1893 nec

87 1920 268 1957 Donatus
314 1913 434 1968 legit,
489 1923 607 1965 quem
643 1911 749 1952 vide-

87 1971 134 2013 fis
202 1974 244 2011 Z.

146 2095 195 2138 53
235 2081 306 2122 Sed
333 2079 423 2135 estne
451 2080 510 2120 hic
537 2059 657 2132 ififih,
700 2078 745 2118 de

89 2153 163 2193 quo
185 2139 355 2195 agebam]
385 2140 469 2179 Κατ’
489 2142 665 2182 οἱκουομῑκν
690 2133 741 2175 su-

90 2198 281 2248 peruenit,
305 2196 357 2234 de
373 2208 452 2246 quo
473 2192 598 2234 sermo
618 2191 684 2240 est,
707 2202 746 2230 vt

89 2251 198 2292 faelis
232 2253 331 2292 dicffa
363 2250 628 2290 ostendantur.
696 2248 746 2288 Et

90 2322 187 2352 certe
207 2310 237 2348 is
256 2307 319 2362 est]
350 2311 459 2369 Bene
486 2319 592 2346 nunc
610 2303 746 2344 confir-

1356 1085 1413 1133 M
1430 1101 1468 1130 ι.

796 1242 837 1273 te
858 1245 939 1271 non
949 1230 1056 1271 bene
1066 1225 1318 1284 cognoscens,
1331 1239 1468 1282 acpro-

797 1290 882 1329 inde
900 1288 1040 1328 dubius.
1065 1289 1148 1339 Z.).
1205 1290 1258 1328 D.

855 1357 910 1397 54
926 1344 1062 1395 Nefiio
1083 1343 1176 1398 quid
1185 1342 1323 1395 tristem
1335 1341 1464 1392 video]

799 1402 998 1441 orationis
1031 1411 1236 1453 apparatus
1269 1411 1318 1438 ex
1353 1399 1466 1437 vultti

801 1457 1034 1497 ostenditur:
1066 1468 1104 1495 vt
1114 1462 1233 1506 (Aen.
1252 1468 1330 1503 vn,
1344 1455 1464 1507 291.)

800 1539 856 1547 --
877 1515 983 1565 stetit
1002 1514 1082 1551 acri
1094 1510 1179 1564 fixa
1200 1511 1339 1556 dolore,
1365 1511 1464 1549 Tum

800 1570 968 1625 quaffims
986 1581 1094 1621 caput
1113 1568 1207 1607 hanc
1230 1566 1387 1618 effisndit
1398 1576 1466 1618 pe-

801 1627 899 1667 dore
946 1639 1080 1666 vocem.
1165 1624 1302 1676 Nefiio
1351 1625 1414 1675 qui

799 1682 921 1725 Deest
942 1683 1133 1734 Propter:
1165 1690 1205 1719 vt
1233 1680 1297 1728 fit,
1321 1677 1461 1730 Nefiio

794 1751 955 1793 propter
979 1738 1081 1791 quid.
1142 1737 1193 1778 Vt
1213 1736 1336 1791 solet]
1362 1737 1465 1777 Cau-

797 1795 836 1837 sa
861 1810 928 1835 cur
955 1796 1066 1834 illum
1085 1807 1211 1846 aequo
1230 1793 1366 1833 animo
1390 1790 1464 1831 fra·

798 1864 856 1893 ter
874 1851 981 1899 ferat,
1004 1852 1055 1891 Vt
1063 1850 1170 1901 filet,
1189 1851 1333 1902 inquit.
1367 1849 1418 1889 D.

857 1921 908 1962 55
938 1908 1088 1948 saluom
1111 1918 1147 1948 te
1167 1908 1360 1954 aduenire,
1385 1904 1462 1945 De-

797 1979 898 2015 mea,
939 1964 1166 2021 gaudemus]
1206 1966 1259 2004 Vt
1291 1959 1462 2014 asperior

798 2021 1021 2061 ostendatur
1039 2024 1201 2068 Demea,
1227 2019 1343 2058 etiam
1365 2015 1464 2057 salu·

796 2089 898 2118 tatur
924 2078 972 2117 ab
992 2091 1061 2127 ρο,
1095 2090 1214 2130 quem
1237 2075 1463 2128 obiurgatu-

794 2149 859 2176 rus
880 2134 942 2175 est.
1000 2137 1050 2174 D.

855 2203 871 2234 1
895 2191 1013 2230 Hem!
1033 2199 1255 2243 opportune:
1287 2201 1322 2228 te
1340 2185 1459 2239 ipfiam

795 2247 982 2302 quaerito]
1013 2250 1056 2286 ln
1087 2246 1162 2284 hoc
1190 2245 1288 2284 Αἲω
1315 2241 1459 2282 diuersi

795 2305 991 2352 homines,
1011 2301 1147 2341 diuerfi
1167 2311 1293 2352 patres
1314 2300 1458 2350 (dixer.

89 2375 171 2405 mat
190 2362 309 2416 ipsum
320 2361 396 2404 esse
409 2375 510 2411 eum,
529 2375 651 2415 quum
663 2375 748 2414 pro·
785 2362 856 2413 sae
872 2373 999 2412 partes
1012 2356 1078 2399 Ms.
1092 2356 1261 2405 Boend.)
1279 2367 1319 2395 et
1329 2356 1460 2396 diuet·

88 2422 194 2474 prior
204 2420 268 2468 est,
287 2430 422 2472 vtpote
433 2417 556 2464 senili,
578 2419 748 2458 neclon·
797 2416 833 2457 sa
854 2417 974 2457 studia
1005 2424 1292 2468 proponuntur.
1324 2413 1385 2451 hic
1404 2412 1459 2451 le·

89 2491 186 2531 gum
237 2473 495 2528 prospiciente
542 2472 749 2526 conspeem

89 2537 202 2586 (Leg.
235 2544 363 2584 vtpote
382 2535 422 2572 in
440 2530 554 2584 finili
574 2528 654 2579 &a
685 2540 749 2569 aut

88 2589 250 2641 sequere
268 2586 337 2628 ΜΓ.
356 2587 503 2628 Boend.
532 2599 570 2627 et
593 2587 661 2627 Ed.
682 2587 746 2626 Du

89 2649 130 2686 B.
162 2647 291 2702 ‚Q-uum
307 2647 466 2696 propior
492 2642 560 2694 est,
586 2643 705 2696 ipfiam
721 2657 747 2682 a

90 2704 213 2758 longe
229 2697 476 2754 conspeaxun
491 2698 600 2742 senio
617 2711 747 2741 vetan-

799 2475 878 2521 nis,
914 2473 977 2511 hic
1006 2483 1173 2511 amarus:
1204 2468 1268 2508 hic
1297 2468 1456 2515 facetus,

798 2530 860 2570 hic
880 2528 1104 2581 impolitus:
1131 2526 1193 2566 hic
1215 2524 1356 2573 facilis,
1391 2524 1461 2563 hie

797 2588 979 2640 pertinax
999 2596 1038 2624 et
1059 2582 1222 2622 difficilis
1242 2583 1281 2620 in
1295 2581 1456 2621 deliffls.

796 2645 890 2684 Hem
901 2647 916 2680 !
936 2652 1138 2693 opportune
1152 2653 1160 2676 ε
1175 2652 1211 2678 te
1221 2638 1336 2690 ipfimt
1349 2649 1457 2690 quae-

795 2700 895 2755 rino]
923 2698 1067 2739 Melius
1093 2708 1208 2749 quam
1221 2693 1460 2740 MenandQ

908 2758 936 2797 Β
969 2766 993 2808 3
1337 2762 1463 2802 quum
