1859 3196
587 172 888 226 HECYRA
1308 193 1398 246 3333

171 299 432 364 Referetque
456 303 637 362 gratiam
659 304 712 356 ei,
734 318 904 368 vnaque
922 319 1006 357 nos
1037 300 1114 353 fibi
1137 322 1273 372 opera
1295 312 1404 357 ami-

266 393 341 424 cos
372 378 542 438 iunget.

107 521 411 603 Achs
459 524 801 592 va‘rl
859 510 1155 581 S'CENA
1219 529 1327 582 ιιι.

381 615 697 657 PARMENO.

753 615 1038 658 BACCHIS.

30 748 130 859 A
147 770 169 797 ε
192 772 218 800 n
238 772 259 798 ε
284 769 304 797 P
324 770 351 800 o
374 769 401 799 1.
439 770 518 800 nae
539 761 692 802 'meam
721 753 855 803 herus
885 750 970 802 effe
1002 770 1186 821 operam
1222 756 1403 863 ᾶεΡιιιιιι

363 845 492 895 Parui
517 831 663 894 pretfi,

31 1047 308 1089 meretricibus.
362 1049 413 1091 Et
423 1049 588 1106 gloriam
606 1048 689 1104 effi]

32 1107 136 1156 Quia
154 1104 334 1145 defendit
352 1118 442 1146 eum
461 1107 564 1158 apud
585 1104 689 1145 soce·

30 1175 92 1201 ros
111 1173 149 1201 et
169 1174 350 1202 ικοιεπιε
385 1175 422 1202 et
449 1163 554 1214 quod
577 1164 689 1203 mari-

33 1228 72 1255 ιυ
120 1220 304 1258 meretrix
347 1219 560 1272 coniugem
602 1219 688 1259 ted·

29 1274 98 1313 dir.
159 1276 208 1314 D.

86 1333 156 1368 Ριυ
169 1330 308 1371 Natam
319 1331 416 1374 Cod
433 1333 687 1385 Regiusvnus

28 1384 144 1424 habet
157 1389 322 1428 Naaam.
347 1390 523 1440 Repone,
555 1387 689 1438 Scitse

29 1443 262 1482 nobiluatem
288 1457 335 1482 ex
364 1458 406 1482 ea
433 1459 473 1483 re
488 1444 629 1483 nac‘lam
651 1456 687 1483 et

26 1511 64 1552 g.
85 1512 113 1536 e.
170 1502 269 1540 Nam
287 1500 453 1551 prImum
474 1514 555 1539 ιιοιι
574 1500 624 1539 de
643 1511 686 1539 re

26 1556 253 1605 praeterita,
290 1552 353 1594 sed
376 1554 503 1595 sunu-a
523 1555 586 1595 hic
608 1557 685 1609 agi-

27 1620 98 1649 tur.
151 1610 326 1659 Deinde,
348 1610 390 1662 fi
401 1625 483 1651 vere
502 1610 550 1652 ab
567 1611 612 1664 fi
623 1612 684 1662 fi-

5 1711 7 1714 ,
22 1668 213 1721 gregarit,
247 1679 309 1705 res
341 1680 422 1706 non
446 1669 586 1716 creuit,
617 1665 681 1707 sed

25 1721 210 1762 damnum
254 1721 432 1762 obuenit.
495 1725 683 1777 Demque

23 1778 129 1817 inter
159 1777 412 1821 Nobilitatem
442 1791 481 1818 et
505 1781 682 1829 Gloriam,

23 1846 125 1885 quae
140 1846 331 1888 cognatae
348 1833 683 1889 suntfignifieatio-

24 1891 98 1938 nis,
120 1889 190 1930 Res
200 1892 324 1931 lucum
335 1892 585 1932 commodum
596 1906 680 1933 non

23 1944 153 1986 babet.
210 1949 252 1987 Β.

76 2013 129 2054 32
163 2004 271 2056 Lege
291 2002 425 2056 Refert
442 2004 609 2059 grdtiam
619 2007 677 2054 eii,

21 2059 164 2111 vmique
199 2073 264 2099 nos
287 2058 364 2111 fibi
400 2061 509 2113 (apem
544 2066 679 2101 amicos

21 2114 161 2169 ibragit.
218 2118 315 2156 Nam
340 2117 440 2158 Cod.
462 2118 584 2158 Acad.
613 2117 678 2157 ha-

24 2168 90 2207 bet
117 2171 352 2224 Refertque.
373 2173 508 2213 Bemb.
542 2186 580 2213 et
607 2176 676 2214 Vi-

22 2226 113 2263 dor.
142 2226 236 2265 illud
254 2227 337 2281 Qe
366 2240 402 2268 vt
430 2230 570 2268 inutile
598 2227 677 2269 sen-

22 2278 76 2319 sui
106 2290 145 2320 et
166 2280 286 2321 versun
315 2284 604 2323 incommodum
625 2299 677 2326 1··e

20 2336 80 2374 fle
126 2339 315 2377 omittunt.
378 2343 480 2380 Sane
531 2342 673 2393 Refert,

18 2393 161 2488 Ιιυῖβίι,
183 2404 219 2431 vt
238 2392 443 2445 suptasm
464 2396 678 2449 eleganuo-

19 2463 61 2489 ta
98 2461 179 2496 unt,
201 2461 317 2500 quam
338 2454 487 2491 Futura
544 2456 584 2492 Β

79 2516 98 2547 1
141 2505 300 2557 aedepol
330 2519 395 2546 nae
420 2522 534 2547 meam
564 2507 673 2548 herus

17 2559 81 2611 effe
105 2572 251 2613 operam
282 2562 431 2614 deputat
453 2567 563 2616 parui
589 2577 670 2617 pre-

1308 914 1401 968 Qui

742 1061 877 1102 neque
896 1051 1104 1103 quicquam
1120 1052 1176 1093 illi
1197 1055 1334 1094 euenit
1351 1067 1401 1096 ex

741 1103 936 1147 sententia
983 1105 1054 1147 sua.
1127 1110 1288 1163 Aedepol
1330 1127 1399 1152 nae

740 1163 874 1218 meam]
913 1167 1058 1204 Totum
1087 1177 1108 1203 a
1135 1166 1399 1209 stomachante

741 1219 902 1259 dicitur:
930 1219 1032 1272 quafi
1058 1222 1124 1272 qui
1152 1235 1256 1262 nunc
1277 1225 1398 1264 maxi-

739 1288 803 1314 me
834 1276 1014 1316 iniuriam
1035 1274 1274 1329 persenserit.
1329 1282 1401 1320 Ae·

737 1333 845 1385 depol
869 1346 935 1372 nae
952 1333 1083 1387 meam]
1115 1337 1160 1373 ln
1180 1333 1249 1373 hac
1268 1336 1396 1376 Scena

736 1389 934 1435 καταςροφιί
976 1389 1125 1441 populo
1167 1393 1389 1442 exponitur.

734 1443 907 1496 Depum
947 1448 1062 1498 parui
1094 1447 1271 1500 pretii]
1286 1447 1394 1497 Quia

734 1500 782 1538 fic
816 1498 955 1539 scilicet
983 1500 1164 1540 abutitur.
1219 1505 1394 1554 Deputat

733 1557 840 1607 parui
861 1569 960 1605 eam,
979 1557 1047 1608 qui
1064 1556 1227 1619 deputat
1242 1571 1329 1598 eam
1350 1561 1394 1600 in

733 1625 776 1651 re
814 1612 958 1651 nullius
997 1613 1115 1664 pretii
1163 1613 1393 1655 consumen-

733 1667 835 1710 dam.
894 1671 943 1709 D.

788 1777 949 1834 aedepol
989 1792 1057 1822 nae
1091 1781 1226 1836 meam]
1274 1784 1390 1825 Nunc

731 1836 921 1876 Pmmeno
942 1837 1064 1886 ιεάὶι,
1103 1839 1168 1889 qui
1188 1835 1317 1878 missus
1344 1841 1388 1881 in

731 1904 856 1932 arcem
879 1891 1024 1942 fuerat,
1053 1903 1090 1932 ιι
1110 1894 1277 1933 amicum
1295 1907 1390 1936 con-

730 1950 903 1996 ueniret,
940 1949 1006 2000 qui
1032 1950 1163 1988 nullus
1193 1962 1292 1998 (ἐι-εις
1321 1948 1387 1992 sed

728 2017 863 2044 vocem
883 2005 1124 2056 parturientis
1154 2018 1206 2045 ne
1223 2006 1386 2046 audiret.

728 2061 850 2100 Videt
878 2072 1008 2100 autem
1034 2059 1083 2100 de
1112 2061 1228 2100 domo
1260 2064 1385 2101 vxorie

726 2115 915 2168 Pamphili
968 2118 1076 2156 exire
1121 2117 1380 2158 meretricem.

727 2174 842 2223 Quae
863 2185 951 2212 curn
970 2170 1063 2212 effet
1081 2170 1258 2226 ingrefl'a,
1291 2185 1326 2212 vt
1345 2171 1384 2214 se

727 2240 921 2281 purgaret,
952 2229 992 2266 in
1014 2228 1138 2281 digito
1159 2229 1241 2267 eius
1261 2241 1385 2269 annu-

729 2286 788 2322 lus
807 2284 861 2324 est
882 2285 1072 2336 cognitus,
1094 2296 1210 2335 quem
1230 2285 1383 2325 vitiator

727 2340 884 2390 puellae
909 2350 1103 2388 ιεῳιιειειι,
1131 2351 1168 2378 et
1187 2341 1382 2381 meretrici

728 2395 834 2433 dono
871 2394 1225 2435 dederar.N=.1nc
1263 2396 1381 2449 igitur

726 2447 874 2503 egressa
894 2451 1181 2490 Pmmenonem
1208 2451 1255 2490 ad
1274 2455 1383 2492 Pam-

724 2494 871 2559 pssilum
919 2508 1045 2545 mittit.
1117 2503 1199 2556 lpsa
1247 2519 1379 2550 autem

722 2562 816 2614 quid
854 2561 977 2600 astum
1006 2561 1066 2610 fit
1106 2572 1250 2611 narrat,
1285 2576 1377 2605 ante

16 2617 81 2670 tii]
109 2621 150 2657 Ιιι
177 2628 254 2656 tota
281 2616 348 2657 hac
376 2618 516 2659 Fabula
544 2619 668 2660 semus
718 2616 871 2658 menses
890 2621 932 2659 Χ.
987 2622 1044 2659 hx
1065 2631 1141 2670 quo
1153 2632 1259 2658 emm
1272 2633 1376 2659 com

16 2673 126 2726 piger
167 2684 209 2716 et
249 2672 418 2716 curiosus
453 2676 668 2717 inducitur:
717 2671 841 2731 pressa
874 2673 927 2716 est
967 2676 1098 2730 virgo,
1149 2676 1185 2717 Χ
1223 2674 1376 2716 menses

1264 2729 1370 2779 sunu

1834 1896 1847 1975 ‚fv—A
1827 1847 1830 1857 -

1828 2295 1832 2318 .,
1830 2182 1859 2275 ,TN-
