1875 3292
378 213 473 262 352

757 193 910 242 ACT.
942 191 1017 238 IV.
1061 190 1258 237 SCEN.
1290 190 1373 239 IV.

514 325 721 376 Grauiter
766 320 970 386 quidem:
1020 334 1124 365 nam
1156 316 1304 365 hercle
1344 316 1419 365 abs
1455 327 1513 365 te·
1533 310 1748 377 fa'Qum'st

612 401 800 464 turpiter
814 415 826 454 3

509 475 598 526 Etfi
617 475 696 522 tibi
721 474 838 521 causa
861 471 920 519 est
942 472 994 518 de
1017 471 1097 518 hac
1114 486 1185 527 re3
1218 479 1354 516 mater
1376 485 1486 533 quae
1496 468 1746 533 teimpulit:

507 554 632 600 Huic
653 567 757 598 vero
783 549 902 596 nulla
925 546 999 595 est.
1036 545 1078 593 L
1093 561 1142 594 A.
1178 555 1432 610 opportune
1451 556 1494 592 te
1516 545 1639 596 mihi,

448 646 478 695 5
515 627 803 692 Phidippe,in
817 625 907 691 ipso
920 635 1121 688 tempore
1142 619 1342 669 ostendis.
1383 619 1480 667 Pu.
1524 620 1629 684 quid
1653 618 1746 666 est?

510 702 546 754 P
561 716 667 752 AM.
705 702 827 756 Quid
859 697 1132 767 respondebo
1163 696 1264 748 his?
1297 707 1371 745 aut
1393 712 1483 762 quo
1505 693 1636 763 paao
1659 696 1747 744 hoc

612 780 804 845 aperiam
814 777 835 824 ?

378 1019 463 1050 rum
483 1005 534 1047 'et
563 1001 665 1043 illud
691 1000 887 1054 proditur,
927 999 1036 1052 quod

377 1062 510 1118 puella
546 1059 736 1112 peperit⁴⁴
769 1060 901 1099 Senex
928 1058 1037 1096 enim

358 1119 536 1174 ¹puellae
563 1127 673 1169 patet·
698 1114 843 1154 indicat
871 1126 1036 1166 puerum

364 1179 536 1222 natum,
563 1183 695 1223 neque
718 1171 898 1224 adiungit
922 1170 1036 1208 vllam

377 1234 429 1272 de
446 1232 504 1270 his
524 1227 640 1269 rebus
662 1228 827 1279 culpam.
878 1227 947 1267 Ait
966 1226 1036 1279 igi.

377 1301 439 1330 tur
465 1285 584 1327 senex
612 1281 782 1333 causam,
813 1292 850 1323 vt
879 1281 1038 1322 reduca-

379 1357 441 1386 tur
460 1346 626 1383 inuento
647 1354 781 1393 puero,
839 1342 883 1379 E.

433 1399 677 1443 concinnius
692 1406 802 1438 vetus
815 1395 941 1436 noster
955 1406 1038 1449 900

379 1470 592 1503 annorum,
628 1467 716 1493 cum
748 1453 870 1492 altero
904 1452 1037 1504 Regio,

383 1515 476 1556 Tibi
502 1524 644 1566 quoque
669 1513 789 1551 iratus
807 1508 1038 1563 §depolfimh

377 1572 479 1612 Phil.
538 1573 580 1610 B.

435 1640 459 1667 2
487 1625 640 1664 Factum
660 1621 897 1675 estturpiter]
918 1620 1037 1670 Quod

381 1679 596 1723 abseesserit
641 1678 878 1730 (abstqffi’ris)
919 1676 1038 1714 domo

379 1738 519 1780 mariti.
579 1740 629 1777 D.

435 1793 561 1835 Nostri
592 1789 675 1830 fere
703 1800 860 1838 omnes,
899 1786 976 1828 Abs
1002 1799 1039 1826 te

381 1849 599 1904 estfhHum.
656 1851 698 1887 B.

440 1921 461 1960 3
495 1905 578 1954 Efi
597 1902 668 1942 tibi
701 1899 807 1956 caufiz
837 1899 883 1952 est
903 1899 947 1939 de
967 1898 1038 1939 hac

384 1968 441 2016 re]
472 1962 624 2013 Caufizm
651 1972 762 1998 more
789 1957 856 1997 suo
885 1971 954 2009 pro
973 1956 1038 1996 de-

380 2019 561 2061 senstone
590 2014 721 2067 posuit.
781 2015 842 2053 Sic
860 2014 900 2052 in
922 2012 1038 2054 Phor.

380 2077 538 2125 mione,
564 2073 668 2128 Qid
691 2069 783 2110 mihi
802 2071 940 2118 dicent,
971 2082 1038 2108 aut

380 2146 491 2187 quam
518 2132 660 2182 causitm
693 2128 900 2180 reperient?
928 2126 1039 2165 demi-

327 2215 329 2217 ·
382 2203 458 2230 ror.
516 2192 565 2229 Et
606 2197 706 2238 quae
752 2181 859 2223 causa
908 2181 1037 2228 suerit,

382 2243 465 2297 ipse
499 2244 612 2283 dicit:
650 2243 782 2283 Mater
810 2255 844 2279 te
873 2239 1036 2292 impulit]

382 2303 514 2342 Mater
533 2315 569 2339 te
587 2300 741 2352 impulit,
761 2295 950 2347 absolute:
972 2296 1040 2335 de-

382 2358 438 2397 est
456 2359 562 2396 enim
581 2369 676 2395 nam.
708 2365 743 2393 vt
760 2353 814 2399 fit,
844 2356 943 2392 Nam
961 2366 1039 2391 ma-

382 2425 442 2452 tcr
475 2425 511 2452 te
539 2413 702 2465 impulit.
755 2409 888 2450 Mam
912 2423 947 2449 te
971 2411 1039 2449 im—

380 2471 498 2523 pulit]
522 2470 696 2519 Qualitas
715 2468 916 2506 remotiua.
947 2467 994 2505 D.

439 2528 571 2565 Mater·
589 2539 622 2562 te
642 2524 806 2577 impulit]
840 2520 911 2563 ΜΓ.
931 2525 970 2562 R.
997 2533 1037 2562 et

384 2591 475 2620 vett.
499 2580 607 2619 codd.
623 2594 741 2620 mater
758 2593 848 2634 quae
875 2592 910 2619 te
927 2581 1042 2631 impu·

381 2637 439 2676 Iit.
494 2643 532 2678 L.

438 2698 510 2734 Pro
539 2693 685 2748 vuigari
714 2692 848 2733 Mam·
885 2703 974 2748 quae
1003 2703 1040 2733 te

1649 852 1748 896 LA.

1086 997 1251 1053 impulit,
1279 995 1383 1037 reete
1409 993 1588 1035 Donatus
1618 993 1748 1034 Mater

1086 1069 1123 1096 te
1142 1053 1300 1101 impulit.
1358 1056 1399 1094 Β.

1141 1126 1170 1165 4
1192 1104 1294 1151 'Huic
1314 1114 1419 1163 vero]
1449 1107 1520 1161 lpfi
1542 1105 1654 1147 matri
1676 1101 1746 1144 sci-

1086 1169 1189 1208 licet.
1247 1167 1462 1220 Opportune
1482 1179 1516 1205 te
1534 1162 1637 1212 mihi,
1655 1161 1746 1200 Phi.

1085 1226 1207 1281 dippe,
1235 1226 1275 1263 in
1304 1222 1382 1275 ipso
1400 1227 1573 1275 tempore]
1605 1224 1746 1262 Vtrum

1084 1288 1288 1326 ταυτολογία
1316 1278 1394 1322 est?
1435 1292 1486 1318 an
1517 1279 1746 1330 Opportune,

1088 1339 1177 1391 quia
1202 1335 1398 1377 volebam:
1436 1344 1476 1374 et
1501 1336 1541 1374 in
1570 1344 1744 1385 tempore,

1088 1392 1288 1447 quomodo
1316 1391 1524 1431 volebam?
1560 1404 1632 1435 an,
1673 1389 1747 1442 Op-

1080 1445 1268 1505 portum,
1296 1448 1415 1489 mihi:
1443 1446 1585 1500 In-ipsb
1610 1456 1748 1498 tempo-

1088 1522 1127 1548 re
1149 1508 1237 1546 tibi:
1267 1505 1308 1546 id
1335 1504 1406 1554 est,
1434 1515 1474 1543 et
1499 1503 1596 1543 mihi
1615 1514 1653 1542 et
1671 1501 1744 1545 tibi

1089 1562 1295 1604 commode
1338 1560 1505 1601 euenisti
1549 1557 1746 1612 (aduenisti

1085 1623 1176 1672 7,.)’ζ
1215 1624 1264 1659 Et
1293 1617 1364 1656 ἀπδ
1392 1620 1433 1655 τέ
1456 1627 1571 1669 portu
1598 1615 1744 1654 dictum

1092 1678 1318 1728 Opportune.
1374 1675 1423 1713 D.

1145 1745 1168 1784 5
1202 1732 1246 1769 In
1273 1727 1350 1781 ipso
1378 1739 1541 1780 tempore
1567 1725 1744 1780 ostendis]

1088 1786 1308 1827 Ostendinn·
1329 1783 1441 1823 nobis
1458 1783 1497 1822 id
1512 1783 1614 1835 quod
1628 1795 1747 1834 quae-

1087 1844 1278 1884 rebamus.
1340 1841 1577 1894 Opportune,
1622 1850 1661 1878 et
1697 1839 1746 1878 In

1087 1899 1165 1952 ipfh
1204 1910 1382 1951 tempore,
1425 1910 1510 1936 non
1545 1895 1605 1935 est‘
1626 1894 1745 1934 idem.

1088 1957 1243 1998 Etenim
1287 1955 1507 2007 Opportune
1562 1952 1744 1996 dicimus.

1089 2027 1218 2064 quum,
1241 2010 1347 2051 verbi
1365 2011 1497 2064 gratia.
1526 2009 1675 2048 inuitati
1695 2007 1746 2047 ad

1087 2068 1207 2122 ipsum
1239 2080 1389 2119 tempus
1420 2066 1644 2117 incipientis
1671 2065 1747 2116 (in-

1087 2127 1242 2178 cipiendi
1251 2124 1455 2165 Eddxante
1471 2121 1621 2176 Steph.)
1634 2134 1747 2173 pran-

1088 2183 1144 2222 dii
1167 2183 1365 2221 venimus:
1398 2180 1444 2220 In
1463 2179 1540 2231 ipsi>
1561 2190 1740 2231 tempore,

1088 2253 1174 2278 cum
1195 2241 1270 2278 iam
1282 2237 1444 2290 prandio
1456 2234 1638 2287 appetito.
1667 2236 1718 2274 D.

1141 2300 1167 2340 6
1195 2297 1273 2336 Aut
1304 2307 1376 2348 quo
1406 2294 1512 2346 pac'to
1539 2291 1603 2329 hoc
1625 2292 1746 2343 aperi-

1087 2353 1198 2407 am?]
1228 2354 1314 2392 Hoc
1332 2350 1452 2389 modo
1472 2347 1648 2394 ostendit,
1669 2359 1746 2387 nee

1089 2408 1166 2449 efl'e
1211 2407 1317 2461 quod
1365 2405 1535 2445 simulet:
1582 2416 1656 2443 nec
1699 2403 1744 2443 id

1087 2465 1191 2517 quod
1210 2477 1344 2503 verum
1366 2462 1432 2513 est,
1452 2459 1662 2501 dicendum
1673 2458 1742 2500 fibi

1085 2521 1175 2562 effe.
1228 2523 1279 2563 D.

1145 2583 1218 2619 Pro
1245 2578 1432 2630 Aperiunt,
1464 2573 1744 2614 nonnullorum

1090 2634 1219 2677 Codd.
1248 2632 1364 2681 fides,
1395 2629 1522 2672 sensus
1555 2630 1670 2678 tatio,
1701 2639 1744 2668 et

1088 2691 1202 2746 ipfius
1233 2690 1384 2742 Donati
1414 2688 1633 2735 auantiae,
1673 2687 1744 2739 qui

1694 2752 1749 2787 112
