1875 3292
305 151 405 211 586

686 146 843 192 AeT.
877 146 937 191 V.
970 143 1171 192 SCEN.
1201 145 1320 192 vm.

435 274 690 342 Demipho,
727 286 770 323 te
801 272 1001 340 appello:
1040 290 1145 321 nam
1176 291 1249 322 me
1269 292 1372 324 cum
1403 275 1489 324 hoc
1510 276 1602 342 ipso
1625 277 1686 326 di-

531 351 692 400 staedet
720 351 867 416 loqui:

431 430 633 479 Haecine
655 430 949 475 erantitiones
961 425 1152 480 crebrae,
1175 437 1220 474 et
1230 425 1474 477 mansiones
1489 429 1683 480 diutinae

433 505 622 554 Lemni?
661 505 841 552 haecine
870 514 962 550 erat
981 519 1054 553 ea,
1084 520 1195 568 quae
1217 503 1386 554 nostros
1407 504 1580 554 fruitus
1604 508 1683 555 mi-

530 581 707 635 nuebat,
742 581 878 627 vilitas
895 579 914 626 ?

334 680 357 714 2
371 679 394 724 5
433 659 481 709 Ι)
498 672 537 707 E.
571 661 684 719 Eg0‚
710 661 757 704 N
762 654 987 710 ausistrata,
1011 652 1096 705 esse
1115 657 1163 709 in
1182 655 1267 709 hac-
1283 673 1333 706 re
1355 657 1530 724 culpam
1552 660 1680 708 meri-

530 746 618 781 tam
643 751 734 781 non
762 749 901 795 nego:

429 812 516 861 Sed
548 828 666 864 eam,
702 812 811 875 quin
838 809 888 858 fit
914 807 1193 871 ignoscenda.
1241 807 1343 858 ΡΗ.
1389 809 1536 860 Verba
1564 808 1679 860 fiunt
1717 853 1729 858 t

531 896 726 934 mortuo.

428 962 534 1014 DE.
577 968 697 1010 Nam
731 979 876 1029 neque
907 962 1175 1027 negligentia
1209 973 1304 1017 tua„
1331 977 1477 1028 neque
1498 961 1602 1017 odio
1632 962 1680 1015 id

524 1040 627 1089 fecit
659 1050 752 1088 tuo.

347 1279 400 1310 22
432 1262 641 1319 Dtstaedet]
674 1262 803 1305 Valde
823 1262 954 1315 pudet.

289 1324 523 1376 Obiurgatio
546 1321 822 1374 indignatione
842 1332 881 1360 et
898 1332 954 1360 ara

291 1382 489 1434 gumentis
519 1380 650 1431 plena,
679 1391 798 1430 quam
815 1378 952 1420 Demi-

289 1438 371 1491 pho
391 1437 670 1489 deprecatione
691 1436 854 1488 mitigat.
880 1438 924 1476 Ε.

343 1498 414 1534 Pro
453 1493 600 1546 volgari
644 1493 738 1533 Cum
770 1492 840 1531 hoc
878 1491 954 1544 ipsb

288 1551 431 1593 Codex
444 1548 632 1590 Petrenfis
651 1549 772 1588 habet
786 1550 874 1590 Cum
886 1549 954 1588 hoc

289 1606 365 1658 isto.
392 1606 471 1648 Sed
483 1617 648 1645 metrum
659 1616 698 1645 et
708 1603 837 1644 sensus
848 1618 953 1644 com-

288 1662 676 1715 probantleffionem
713 1662 815 1703 Cod.
855 1664 950 1713 Reg.

290 1717 472 1767 Camillo.
491 1720 599 1764 Nam,
613 1717 770 1755 aut-”tore
783 1718 953 1762 Donato,

288 1775 356 1826 Iste
388 1774 527 1813 dicitur
555 1774 598 1813 iu
629 1786 698 1822 eo,
732 1773 799 1824 qui
827 1783 954 1812 conte-

288 1833 449 1873 mnitur.
510 1832 552 1870 Β.

343 1900 397 1942 23
434 1889 538 1930 Cum
577 1886 739 1926 Donato
769 1885 819 1925 ad
850 1887 952 1924 Eun.

1538 1118 1677 1166 Vine-

1061 1262 1160 1302 Prae
1177 1261 1325 1316 vulgari
1339 1259 1528 1302 Meritum
1544 1261 1674 1314 placet

1005 1319 1189 1360 Bembini
1214 1320 1425 1368 Meritum,
1459 1316 1508 1360 sc.
1544 1315 1672 1360 Chre·

1004 1388 1151 1416 metem
1163 1391 1173 1424 3
1205 1387 1244 1415 vt
1262 1373 1384 1429 supra,
1406 1374 1674 1417 Arbitrabitur

1005 1431 1253 1486 commeruiffi
1281 1435 1437 1487 culpam.
1468 1434 1531 1473 Sic
1554 1432 1670 1472 Plaut.

1005 1492 1186 1538 Aul.1v‚
1222 1503 1283 1535 10,
1324 1498 1360 1540 8.
1394 1490 1533 1531 Fateor
1549 1498 1672 1542 pecca-

1006 1548 1092 1600 ug'ffi’
1111 1560 1176 1597 me,
1197 1560 1232 1587 et
1252 1561 1305 1586 me
1323 1547 1466 1601 culpam
1484 1548 1672 1585 commeri-

1006 1604 1189 1654 tumfiiO.
1248 1606 1289 1644 Β.

1062 1663 1115 1702 26
1147 1659 1270 1698 Verba
1280 1659 1384 1711 fiunt
1395 1657 1558 1710 mortuo]
1577 1658 1670 1695 Non

1005 1715 1059 1755 est
1087 1713 1210 1766 paffus
1243 1715 1447 1767 pax-alitus,
1479 1724 1517 1751 vt
1547 1723 1669 1752 totam

1005 1769 1240 1811 sententiam
1281 1768 1402 1810 senex
1440 1770 1664 1822 explicaret.

1006 1827 1045 1866 D

1061 1886 1133 1924 Pro
1153 1883 1302 1936 vulgari
1317 1913 1326 1931 ‚
1355 1883 1426 1922 Sed
1441 1896 1540 1931 eam,
1574 1894 1668 1935 quae

286 1959 352 1994 ιιι,
375 1959 410 2000 5,
431 1957 498 1997 34.
521 1941 585 1981 hic
602 1940 833 1994 legidebet‚
853 1942 954 1980 Haec
994 1939 1049 1993 stt
1073 1938 1302 1995 ignoscenda,
1331 1938 1543 1980 Bembinus
1564 1942 1669 1977 reete

287 2002 372 2041 illae
397 2012 505 2040 erant
531 2000 666 2038 itiones
694 1996 852 2037 crebrae.
890 1998 953 2038 Sic

287 2058 393 2099 And.
408 2071 438 2103 1,
459 2070 485 2101 1,
504 2068 593 2098 100.
624 2052 952 2094 Haecillaelacm-

285 2129 374 2162 mae,
387 2114 471 2155 haec
483 2111 548 2152 illa
559 2110 608 2163 est
619 2111 886 2162 msericordia.
911 2114 950 2150 B.

343 2186 397 2226 24
437 2170 600 2210 Fruftus
634 2165 838 2223 minuebat]
879 2164 950 2208 Ms.

286 2233 328 2270 R.
351 2230 497 2268 minuit.
556 2228 598 2266 L.

338 2281 662 2327 Leinossembini
685 2279 952 2327 etcollocatio‚

285 2342 342 2382 Fa
368 2355 461 2395 quae
489 2338 635 2388 nollros
653 2339 790 2378 minuit
797 2337 951 2388 fruc'lus

284 2401 427 2441 vilitas,
446 2395 597 2436 suauior
615 2393 669 2434 est
690 2406 728 2434 et
757 2394 881 2447 magis
901 2393 952 2433 de

285 2468 398 2495 more
421 2453 679 2493 Terentiano.
737 2453 777 2491 B.

344 2523 394 2563 25
427 2509 520 2564 Ego,
541 2505 793 2559 Nauflstram]
815 2506 950 2556 Quali-

286 2579 340 2606 tas
362 2566 525 2603 venialis
545 2580 565 2603 a
587 2563 843 2603 concessione.
874 2568 924 2603 D.

343 2624 445 2674 ligo,
474 2618 728 2671 Nausistrata]
759 2619 861 2658 Hinc
889 2618 953 2657 de-

287 2670 412 2717 fensio
431 2676 497 2722 est,
517 2677 624 2714 cuius
644 2676 699 2716 rei
719 2675 792 2716 hoe
810 2675 953 2727 princi-

287 2749 400 2786 pium
420 2733 485 2773 est.
546 2734 588 2773 E.

1005 1996 1166 2037 exhibet
1190 1995 1261 2035 Sed
1279 2011 1331 2042 ea,
1353 1998 1445 2049 quin
1465 1994 1502 2049 s.
1533 1998 1555 2033 i.
1578 1991 1668 2033 sub·

1001 2053 1094 2093 audi
1114 2053 1268 2109 Negare
1297 2066 1370 2092 non
1387 2054 1548 2105 poteris,
1586 2048 1667 2100 seu,

1001 2125 1103 2154 nemo
1134 2111 1336 2165 negauerit.
1395 2113 1530 2160 Atque
1564 2107 1667 2147 idem

1002 2163 1140 2222 legisse
1162 2167 1313 2206 videtur
1332 2167 1507 2205 Donatus
1521 2192 1530 2210 ,
1561 2163 1666 2215 quod

1003 2224 1117 2270 dicit,
1158 2222 1363 2275 parasitum
1402 2217 1662 2274 impediuifl'e‚

1004 2294 1084 2331 quo
1107 2281 1236 2320 minus
1260 2275 1375 2316 senex
1396 2288 1517 2317 totam
1537 2277 1665 2328 expli-

1003 2348 1108 2376 caret
1146 2334 1389 2376 sententiam.
1457 2337 1666 2375 Caeterum

1001 2394 1162 2432 Mortuo
1193 2406 1275 2431 non
1299 2391 1350 2430 cle
1369 2389 1589 2432 Clu-emere
1610 2388 1664 2427 est

1001 2449 1287 2503 accipiendum.
1307 2444 1367 2487 sed
1393 2446 1443 2487 de
1461 2445 1664 2486 Nauiistra·

1002 2517 1051 2555 ta,
1083 2520 1184 2558 quae
1203 2517 1330 2555 aeque
1348 2501 1480 2542 frustra
1503 2500 1558 2540 est
1579 2514 1662 2547 ora—

1006 2573 1052 2610 ta,
1074 2575 1116 2601 ac
1136 2572 1290 2600 mortuo
1309 2560 1424 2599 verba
1445 2557 1551 2597 fiunt.
1580 2557 1619 2596 B.

1061 2630 1115 2672 27
1153 2618 1255 2656 Nam
1294 2629 1405 2669 neque
1434 2613 1662 2669 negligenda

1002 2688 1089 2723 tua,
1123 2687 1238 2729 neque
1272 2675 1318 2714 xd
1345 2672 1431 2711 odio
1449 2672 1548 2724 fecit
1577 2661 1663 2722 tuo]

1537 2727 1663 2764 Locus
