1875 3292
385 223 449 268 90

765 213 806 254 A
817 209 851 254 C
861 210 919 255 T.
950 207 1022 252 111.
1069 204 1097 253 S
1109 205 1192 258 GE
1203 206 1266 256 Nss
1295 206 1364 255 111.

421 350 485 399 25
517 337 640 384 Prius
662 335 781 384 nolo.
824 333 871 381 D
889 347 930 379 Ε.
965 334 1143 381 haecine
1167 332 1358 395 flagitia?
1383 329 1482 380 ΒΥ.
1514 333 1623 380 mihi
1646 329 1740 398 quiss

618 410 717 456 dem
739 428 828 457 non
851 410 1045 475 placent:

519 491 576 534 Et
597 486 737 533 clamo
761 485 895 550 saepe,
915 484 1169 532 Salsamenta
1189 483 1308 535 haec,
1332 483 1584 549 Stephanio,

517 566 601 609 Fac
623 571 896 607 macerentur
918 561 1115 624 pulchre.
1155 556 1202 606 D
1216 573 1257 606 Ε.
1295 561 1355 608 Di
1376 559 1560 607 vostram
1583 552 1737 611 fidem!

517 643 677 682 Vtrum
700 636 895 682 studione
917 635 962 682 id
984 634 1060 682 sibi
1079 634 1221 687 habet,
1246 651 1298 680 an
1320 634 1436 682 laudi
1455 646 1580 699 putat

514 716 645 765 Fore,
666 710 695 757 fi
722 711 961 775 perdiderit
984 710 1192 772 gnatum?
1228 726 1305 758 vae
1325 709 1485 769 misero,
1500 710 1631 757 mihi!

417 807 479 856 30
516 788 677 838 Videre
699 787 848 835 videor
873 789 959 834 iam
981 786 1096 834 diem
1116 786 1254 840 illum,
1275 801 1415 850 quum
1435 785 1538 832 hinc
1564 801 1697 846 egens

439 1004 490 1045 25
520 989 631 1029 Prius
649 988 754 1044 nolo]
781 985 966 1041 Superbe,
998 996 1039 1026 et

385 1062 456 1101 pro
478 1047 722 1086 auam-itate:
745 1058 825 1084 non
839 1044 1038 1083 dixitNon

384 1116 551 1156 oportet,
584 1100 647 1141 sed
667 1102 778 1142 Nolo.
807 1099 1038 1146 subauditur,

380 1161 542 1216 purgari
559 1171 650 1197 eum.
707 1162 756 1199 Et
774 1157 871 1197 nihil
892 1169 941 1195 ex
958 1168 1038 1194 mo-

383 1231 425 1258 ra
448 1215 686 1268 corruptelae
709 1210 942 1253 accessurum
968 1208 1040 1264 pis-

384 1276 417 1313 ci
435 1286 484 1312 ex
504 1285 551 1311 eo
569 1270 746 1318 ostendit,
770 1269 874 1321 quod
896 1269 946 1306 ait
967 1269 1038 1308 Lu-

383 1332 482 1376 dere,
501 1328 574 1367 hoc
587 1327 651 1373 est',
665 1328 805 1370 viuere,
827 1335 863 1364 et
875 1325 1038 1363 nonlae-

386 1384 465 1426 sum
485 1387 632 1434 (Forte,
659 1381 782 1434 lafficm
811 1382 870 1427 Z.)
895 1381 1038 1418 viuere.

385 1455 467 1482 non
485 1441 591 1480 enirn
616 1439 722 1487 dixit,
734 1439 901 1477 Natare:
932 1434 1039 1486 quod

386 1499 501 1537 etiam
529 1491 680 1549 possunt
700 1493 877 1546 languidi
899 1490 1035 1543 pisces.

385 1551 474 1605 'lpse
497 1550 646 1604 insuper
659 1551 816 1602 planum
835 1547 926 1588 fecit
946 1546 1038 1598 qnid

381 1610 427 1653 iit
452 1612 592 1663 Purga,
610 1606 777 1646 dicendo
792 1603 1038 1655 Exoffizbitur.

384 1666 513 1718 Purga
533 1666 670 1717 igitur,
700 1660 814 1713 exqffit
831 1657 1036 1712 significat:

385 1736 466 1761 non
493 1731 527 1758 rt
546 1718 702 1771 quidam
722 1727 867 1768 putant.
901 1711 1037 1765 exoffit-

386 1777 500 1822 bz'tur,
527 1774 767 1814 comedetur.
826 1770 931 1810 Mihi
959 1771 1039 1822 qui-

385 1836 465 1873 dem
492 1845 563 1871 non
584 1829 746 1882 placent]
778 1828 866 1869 Plus
894 1826 965 1865 hoc
988 1825 1035 1864 ad

386 1889 531 1929 senem.
584 1889 632 1926 Et
655 1885 744 1924 vide
774 1896 887 1935 quam
914 1892 1039 1921 totum

384 1944 560 1997 superbe,
583 1953 622 1980 et
645 1939 882 1980 confidenter
901 1937 1040 1977 dixerit

383 2003 434 2041 ob
454 1999 662 2040 amicitiam
681 1994 1041 2036 omniumdomino-

381 2056 1040 2107 rum,exceptovnoDenwa,quem

382 2120 531 2154 mitum
546 2123 636 2164 prae
648 2110 719 2149 illis
732 2108 956 2146 contemnit.
985 2108 1034 2145 D.

442 2171 494 2210 26
525 2166 763 2219 Snfflzmema]
793 2167 877 2203 Hoc
899 2162 945 2201 ad
967 2157 1035 2199 dis·

383 2226 564 2277 cipulum.
623 2221 857 2271 Salfitmcnm,
877 2229 940 2257 aut
961 2215 1036 2256 falfi

1635 864 1740 908 Pro-

1086 1000 1200 1027 uum:
1239 982 1460 1039 praesertim
1497 985 1561 1038 qui
1597 981 1739 1024 adoles-

1087 1054 1244 1084 centum
1263 1043 1514 1096 paedagogus
1533 1039 1658 1081 fuerit.
1687 1042 1737 1082 D.

1139 1100 1365 1150 Salsamenta
1381 1099 1464 1138 haec
1483 1096 1582 1152 dyc]
1614 1099 1740 1137 Mace-

1085 1169 1215 1198 remur
1234 1156 1389 1207 proprie
1407 1153 1576 1206 positum.
1617 1153 1742 1202 Quic-

1088 1213 1180 1264 quid
1199 1213 1306 1251 enim
1325 1207 1451 1250 salsum
1464 1209 1527 1257 est,
1548 1211 1586 1247 in
1602 1222 1740 1260 aquam

1085 1268 1277 1316 funditur,
1313 1278 1351 1305 vt
1375 1265 1629 1306 madesastum
1657 1262 1748 1306 salio

1087 1323 1384 1364 amaritudinem
1408 1322 1553 1374 perdat.
1609 1323 1650 1360 E.

1144 1387 1195 1427 28
1230 1379 1360 1418 Vtrum
1373 1377 1557 1431 studione]
1590 1382 1664 1417 Aut
1684 1389 1743 1415 or-

1089 1434 1139 1474 do
1163 1434 1225 1482 est,
1252 1435 1443 1477 Vtrumne.
1478 1444 1543 1473 aut
1554 1432 1607 1472 est
1619 1440 1744 1479 παρέλο,

1086 1510 1138 1530 κον
1158 1491 1320 1537 tertium.
1349 1502 1410 1530 aut
1437 1503 1526 1531 vero
1546 1503 1615 1541 per
1637 1488 1741 1527 ἔλλει.

1085 1553 1138 1593 φιν
1159 1548 1362 1598 accipitur:
1385 1546 1741 1598 quaiidicat‚vtt·um

1087 1603 1161 1656 est?
1184 1614 1258 1650 aur,
1269 1615 1395 1643 vtrum
1406 1615 1532 1641 verum
1543 1601 1613 1652 cst?
1632 1600 1738 1653 quod

1085 1660 1151 1711 qui
1163 1660 1308 1708 accipit,
1319 1671 1440 1697 vmtm
1452 1656 1741 1710 subdistinguat.

1087 1726 1124 1754 et
1146 1712 1290 1765 separer
1312 1729 1330 1753 a
1352 1712 1598 1766 sequentibus
1611 1709 1739 1751 neces-

1087 1767 1123 1810 se
1153 1770 1215 1808 est.
1273 1769 1404 1809 Vtrum
1425 1769 1614 1822 studione]
1661 1773 1738 1808 Aut

1089 1832 1221 1865 Vtrum
1256 1822 1530 1878 superuacuum
1560 1823 1632 1871 est,
1675 1834 1738 1863 aut

1088 1883 1163 1923 Ne:
1195 1891 1259 1921 aut
1275 1893 1378 1921 certe
1396 1885 1513 1927 τμῆσις
1532 1879 1652 1935 figura
1673 1879 1737 1925 est,

1089 1951 1177 1990 pru,
1206 1940 1401 1978 Vtrumne
1419 1937 1594 1977 studione
1612 1936 1648 1974 id
1670 1934 1736 1974 libi

1088 1993 1222 2042 habet,
1253 1993 1279 2033 fi
1307 1993 1425 2034 sciens
1454 1992 1569 2032 laedit
1588 1991 1739 2032 filium?

1091 2051 1209 2090 Laudi
1225 2052 1352 2102 putat]
1385 2050 1487 2100 Quia
1507 2049 1660 2100 decipit.
1687 2051 1735 2088 D.

1140 2119 1193 2159 29
1233 2106 1273 2144 Si
1315 2106 1519 2159 perdiderit
1556 2103 1734 2159 gnatum]

1083 2164 1130 2202 Et
1156 2175 1302 2215 magno
1328 2160 1482 2208 afl'eflu,
1523 2174 1603 2200 non
1638 2160 1737 2200 dixsit

1084 2215 1340 2258 Aeschinum:
1373 2228 1411 2256 et
1431 2216 1544 2263 mire,
1573 2230 1652 2256 non
1673 2217 1738 2256 ad·

385 2280 504 2335 pisces
526 2278 628 2326 sunt3
650 2290 710 2316 aut
729 2275 900 2315 laridum.
959 2273 1033 2311 Sal·
1084 2273 1180 2313 didit
1209 2276 1315 2313 cuius
1341 2285 1514 2327 gnatum.
1573 2273 1646 2312 Vae
1670 2275 1736 2311 mi-

376 2338 546 2388 ssaementa
565 2336 657 2381 haec,
679 2329 889 2386 saphania]
917 2332 958 2368 In
980 2339 1033 2367 to·
1071 2330 1160 2381 sero
1181 2329 1283 2377 mihi]
1314 2332 1395 2370 Hoc
1415 2329 1481 2376 est,
1502 2328 1603 2380 quod
1625 2327 1734 2382 supra

387 2406 422 2432 ta
442 2391 657 2432 Comoedia
683 2402 802 2442 opera
823 2385 950 2426 danda
968 2385 1033 2432 est,

1084 2385 1197 2433 dixit,
1238 2388 1351 2440 Aegre
1383 2385 1448 2437 est:
1493 2386 1630 2425 alienas
1657 2399 1733 2424 non

385 2461 421 2486 rt
448 2446 698 2486 stomachetur
726 2449 892 2485 Demea:
923 2454 1033 2481 exce·
1074 2443 1174 2497 Jiaem.
1232 2444 1282 2481 D.

384 2517 452 2557 pro
479 2504 582 2554 quod
613 2500 649 2541 sc
672 2499 750 2552 ipse
777 2502 815 2538 in
837 2498 915 2537 fine
935 2510 1034 2536 com·

383 2570 515 2601 mutat.
578 2560 681 2597 lim-c
711 2568 806 2607 ergo
836 2551 942 2592 causa
971 2551 1034 2599 est,

384 2629 505 2667 quare
523 2616 633 2665 Syr-n<
658 2626 813 2661 quoqu«⁸
833 2611 886 2649 illi
909 2609 1036 2647 obiici-

386 2682 464 2717 tur,
500 2667 705 2720 magnifice
734 2666 905 2705 insci-ons
931 2663 972 2702 Te
999 2674 1035 2702 vt

386 2723 641 2773 luxuriosum,
673 2724 933 2773 liccntctnque
964 2718 1035 2760 ser—

1136 2511 1189 2549 30
1220 2498 1351 2538 Videre
1377 2499 1506 2538 videor
1531 2500 1602 2536 iam
1630 2495 1732 2534 illum

1084 2554 1196 2605 diem]
1228 2555 1328 2592 Illum
1350 2553 1462 2601 dixit,
1493 2553 1593 2604 quali
1613 2565 1732 2602 queu-

1085 2610 1170 2649 dam
1191 2609 1330 2648 tristem
1352 2623 1392 2647 :1¹3
1414 2609 1617 2648 funestum.
1652 2610 1698 2647 D.

1144 2665 1270 2702 thcre
1297 2668 1420 2704 videor
1446 2669 1518 2703 iam
1535 2663 1645 2716 dit-m]
1676 2666 1731 2702 lu-

1084 2720 1156 2761 lius
1175 2718 1296 2765 Rufin.
1315 2721 1424 2764 Rhet.
1443 2723 1484 2762 in
1493 2719 1659 2763 Diabole.
1688 2721 1728 2761 L-
