1875 3244
650 231 947 281 HECYRA.

1368 241 1458 288 251

238 370 363 422 Quae
384 356 656 412 consecuta’st
670 379 762 409 nox
785 378 893 415 eam,
913 356 1060 406 nihilo
1078 357 1231 416 magis.
1325 357 1333 388 l

236 440 321 489 ΡΗ.
342 440 463 496 Quid
483 441 565 486 ais?
588 455 688 485 cum
713 439 883 498 virgine
909 451 992 482 vna
1012 431 1254 501 adolescens
1266 430 1467 478 cubuerit

234 519 339 565 Plus
362 528 508 583 potus,
531 515 609 561 sese
630 516 702 560 illa
721 511 930 560 abstinere
953 521 999 556 vt
1025 505 1256 573 potuerit?

145 595 208 658 65
244 597 355 641 Non
379 590 605 641 verisimile
627 590 758 638 dicis:
790 605 872 637 nec
892 601 1046 635 verum
1068 582 1270 631 arbitror.

1371 657 1469 721 Ρᾼ.

111 813 304 870 Virginem
334 826 410 852 non
444 811 594 868 attigit]
641 810 765 865 Virgi-
813 809 864 849 Et
880 806 995 847 nihilo
1020 807 1155 862 magis.
1184 801 1475 844 affeuerationis

109 886 192 911 nem
216 871 356 916 ἔμφασις
377 868 451 908 est:
482 868 660 921 quamuis
683 878 767 905 non

111 938 294 976 amatam,
327 926 525 979 virginem
547 933 695 963 tamen.
728 928 769 961 et

113 997 196 1023 non
225 983 341 1030 dixit,
376 996 458 1021 non
477 981 676 1031 amplexus
693 978 768 1019 est:

112 1038 190 1087 sed,
212 1040 270 1078 Ne
288 1040 420 1093 attigit
438 1037 595 1091 quidem.
647 1039 698 1078 D.

173 1097 291 1136 Noc‘te
331 1095 394 1135 illa
429 1097 553 1146 prima
587 1095 774 1149 viyginem

115 1166 188 1193 non
207 1153 354 1207 attigit]
387 1149 581 1191 Affeftum
607 1147 776 1189 ostendit

114 1208 305 1261 Pamphili
333 1207 492 1247 amantis
515 1207 774 1246 meretricem.
800 1216 801 1219 ’

117 1265 195 1307 Sed
242 1266 461 1305 coniee’mra
500 1263 565 1302 hic
612 1260 784 1313 nascitur

119 1323 202 1370 alia,
231 1326 294 1362 An
326 1320 529 1360 verisimile
546 1318 597 1368 sit,
616 1314 776 1358 'adoles-

120 1390 276 1418 centem
297 1374 469 1416 cubuifi'e
500 1389 585 1415 cum
609 1375 776 1427 virgine,

120 1442 171 1474 et'
187 1432 225 1473 se
245 1432 292 1472 ab
319 1447 363 1473 ea
385 1429 634 1475 abstinuiss'e?
662 1443 778 1482 quam

121 1505 204 1530 rem
224 1487 448 1541 exsequitur
466 1489 650 1527 meretrix
667 1489 707 1525 in
729 1499 779 1524 ar-

123 1547 333 1601 gumentis,
389 1544 782 1595 Quodait,Cumv1'r·

122 1609 208 1660 gine
254 1617 329 1641 vna
376 1601 578 1652 adolffiens
616 1598 785 1638 cubuerit

119 1659 205 1713 plus
229 1668 363 1712 potus,
403 1655 465 1695 illa
482 1653 525 1707 sei
543 1654 718 1707 abstinere
741 1666 785 1692 vt

120 1718 307 1770 potuerit?
337 1727 413 1752 non
443 1709 635 1762 verifi'mile
668 1710 761 1749 dicis
771 1724 786 1752 ,·

125 1786 189 1812 nec
207 1783 333 1810 verum
352 1768 531 1808 arbitror.
565 1771 651 1808 Hoc
673 1765 785 1805 solui-

127 1840 189 1868 tur
212 1828 278 1867 illo
302 1836 548 1879 argumento,
581 1822 686 1876 quod
706 1835 786 1862 me-

130 1884 461 1925 1·etrix.amat0res
495 1893 630 1920 omnes
658 1879 787 1928 habet,

132 1954 219 1980 cum
249 1939 388 1991 quibus
423 1938 459 1978 ei
487 1936 596 1976 duco.
654 1935 790 1978 Credit

133 1995 273 2049 (haber,
295 1998 357 2049 qui
377 1994 501 2047 cupidi
519 1992 720 2043 eiusfimt,
749 2005 790 2030 eo

135 2053 249 2092 credit
268 2054 327 2104 Z.)
356 2047 622 2090 adolescentes
643 2050 792 2088 vniuer-

135 2107 193 2148 sos
221 2107 258 2148 se
283 2107 461 2147 femineo
489 2103 580 2146 sexu
601 2102 804 2144 abstinere

137 2178 215 2204 non
237 2161 355 2216 poffe.
408 2167 497 2203 Non
511 2163 689 2215 intelligo
710 2174 796 2199 cau·

137 2218 191 2260 sas
220 2221 357 2258 amoris
382 2217 462 2259 effe
488 2215 598 2270 (Non
620 2220 795 2272 intelligit

141 2275 267 2326 caufizs
294 2279 489 2321 meretrix,
523 2274 584 2326 effi
609 2274 704 2326 poſje
733 2275 794 2324 Z.)

141 2334 236 2372 alias
265 2332 365 2379 odii;
395 2332 486 2371 ideo
508 2331 672 2370 adieci12
705 2331 794 2369 Cre-

142 2391 189 2429 do
216 2390 270 2427 ita
298 2388 415 2426 videri
445 2386 537 2427 tihi:
578 2400 665 2425 nam
693 2398 795 2424 nemo

141 2445 190 2484 ad
210 2458 244 2484 te
262 2446 374 2489 venit,
400 2443 625 2496 mficupiens
641 2444 720 2482 tui:
742 2444 798 2482 ille

141 2505 277 2542 inuitus
297 2498 396 2537 illam
411 2501 583 2539 duxerat.
643 2502 688 2540 E.

200 2562 253 2600 62
282 2558 390 2620 Qae
419 2555 606 2606 confictam
639 2553 684 2607 est
701 2553 799 2607 nox]

143 2616 238 2654 Eam
269 2624 433 2664 primam
461 2612 614 2652 noEiem
649 2609 801 2651 scilicet.

146 2670 278 2721 Nihilo
308 2666 440 2722 magis]
473 2667 589 2717 Quali
617 2668 657 2707 in
681 2666 804 2705 nihilo

147 2726 258 2778 poffit
292 2721 369 2763 effe
400 2736 525 2777 magis
561 2735 630 2763 aut⁴
661 2724 804 2765 minus.

818 863 883 906 est.
936 866 989 905 D.

846 928 854 935 ·
875 922 926 973 63
966 918 1072 972 Quid
1108 919 1187 958 ais?
1223 930 1301 956 cum
1333 919 1476 971 virgine

819 979 911 1028 vna]
946 975 1150 1018 Inuenitur
1180 973 1283 1025 quafi
1324 973 1481 1012 interie-

821 1035 896 1074 &io
915 1031 1054 1089 (Qcasi'
1065 1028 1208 1083 fimper
1229 1033 1268 1069 in
1293 1031 1478 1076 Terentio,

820 1089 920 1133 Edd.
940 1101 1032 1129 ante
1049 1086 1182 1140 Steph.
1205 1089 1329 1134 Forte,
1362 1086 1403 1129 ὦς
1428 1090 1480 1123 ἐπὶ

822 1146 929 1202 mad)
945 1141 1031 1193 vn'iz,
1049 1145 1088 1184 id
1113 1143 1178 1189 est,
1204 1142 1315 1182 fimul
1333 1156 1410 1181 vno
1431 1144 1484 1180 lo-

825 1218 882 1244 co.
943 1203 1036 1243 Cum
1063 1200 1226 1257 virgine]
1256 1203 1290 1239 A
1309 1197 1481 1251 persona.

828 1261 924 1308 Vna]
954 1264 990 1300 A
1017 1260 1116 1298 loco.
1183 1255 1415 1306 Adolefiens]
1447 1261 1484 1296 A

828 1315 1003 1371 persona.
1063 1312 1259 1366 Cubuerit]
1288 1312 1349 1353 Ab
1382 1311 1488 1350 habi-

829 1386 870 1412 tu
890 1385 928 1413 et
947 1370 1156 1411 Occasione.
1218 1370 1309 1408 Cum
1339 1369 1488 1423 virgine

828 1444 902 1469 vna
922 1428 1122 1479 adolescens
1140 1424 1328 1478 cubuerit]
1362 1427 1492 1477 Argu-

831 1496 965 1526 menta
983 1485 1022 1523 in
1042 1482 1301 1522 coniefituram
1322 1477 1512 1520 necessa--

833 1543 891 1582 rio
927 1539 1063 1592 pofita:
1107 1537 1249 1590 quibus
1274 1538 1489 1577 Terentius

835 1608 1062 1648 ex-vtraque
1079 1605 1189 1647 parte
1215 1592 1420 1644 disputans,
1447 1592 1491 1630 τὸ

832 1659 985 1692 ἀπίθανον
1004 1662 1163 1704 purgat,
1199 1662 1251 1688 ne
1279 1651 1363 1700 quis
1384 1650 1493 1688 illum

833 1709 946 1750 stulte
979 1707 1074 1747 haec
1101 1703 1263 1758 posuifl'e
1291 1705 1492 1744 iudicaret.

833 1769 940 1808 Haec
969 1766 1070 1819 (Hoc
1102 1762 1198 1803 Edd.
1230 1772 1320 1801 vett.
1342 1763 1365 1800 i.
1386 1775 1419 1800 e.
1438 1761 1497 1800 id-

835 1835 896 1870 eo,
917 1835 963 1861 ea
982 1821 1084 1871 arte)
1107 1820 1214 1858 enim
1228 1819 1497 1857 meretrixtar-

836 1877 886 1917 de
903 1877 1025 1917 credit
1043 1875 1293 1928 argumentis,
1317 1887 1369 1912 ne
1381 1890 1400 1913 a
1413 1875 1499 1913 Par-

837 1946 1015 1975 menone
1053 1933 1239 1971 vincatur.
1297 1931 1401 1971 Hinc
1444 1929 1500 1970 est

839 1991 945 2043 quod
965 1989 1218 2035 aitHoratius‚
1245 1987 1398 2026 Vincere
1411 1988 1500 2026 Cae-

842 2047 951 2088 cilius
966 2047 1159 2101 grauitate
1172 2074 1182 2093 ,
1219 2045 1416 2084 Terentius
1435 2058 1501 2082 ar·
1524 2053 1527 2056 ’

840 2119 886 2144 te.
941 2106 991 2143 D.

900 2162 955 2213 64
984 2157 1072 2197 Plus
1101 2158 1229 2210 potus]
1267 2154 1330 2195 Ab
1362 2154 1504 2206 impul-

843 2212 960 2260 sione,
981 2226 1020 2254 et
1039 2227 1085 2253 ex
1105 2211 1382 2251 accidentibus.
1412 2213 1462 2250 D.

898 2273 988 2312 Plus
1004 2270 1133 2322 potus}
1153 2265 1262 2310 Prisc,
1281 2269 1303 2306 l.
1319 2281 1373 2305 lx.
1407 2270 1447 2307 L.

901 2331 953 2380 65
985 2328 1074 2366 Non
1097 2324 1288 2376 verisimile
1307 2321 1413 2369 dicis]
1441 2318 1505 2362 At'ae'-
1524 2335 1529 2341 ·

846 2389 934 2431 ξησις
961 2378 1158 2435 peruersa:
1191 2381 1295 2433 prins
1325 2378 1378 2417 est
1399 2380 1506 2419 enim

849 2453 994 2483 verum,
1015 2436 1164 2476 deinde
1183 2435 1397 2475 verisimile.
1428 2435 1509 2476 Sed

850 2497 940 2536 ideo
969 2494 1015 2533 lic
1043 2493 1155 2541 dicit,
1195 2494 1284 2543 quia
1314 2491 1367 2530 est
1393 2488 1509 2544 saepe

852 2566 932 2592 non
954 2549 1169 2594 verisimile,
1201 2561 1336 2588 vorum
1355 2560 1483 2587 tamen
1499 2562 1511 2586 =

852 2621 902 2658 vt,
925 2607 1070 2650 Decios
1102 2620 1171 2657 pro
1191 2605 1319 2644 alieno
1340 2615 1511 2643 commo-

854 2666 906 2705 do
935 2664 1032 2703 mori
1063 2659 1232 2702 voluisse.
1298 2661 1392 2699 Non
1418 2663 1516 2698 veri·

846 2721 968 2775 fimile
994 2718 1102 2765 dieis]
1132 2721 1218 2760 Hoc
1247 2718 1320 2757 iam
1343 2718 1427 2770 plus
1446 2714 1511 2762 est,

1431 2781 1516 2810 Fan·
