1875 3308
674 204 967 251 ADELPH.

1415 221 1472 275 53

251 335 342 380 Gur
365 329 536 398 passus?
577 332 651 380 vbi
672 331 796 380 eras?
830 343 877 380 vt
898 331 947 378 sit
971 331 1095 379 satius
1119 331 1317 396 perdere,

247 412 393 463 Quam
415 420 488 455 aut
509 425 626 455 nunc
649 424 824 455 manere
846 419 932 455 tam
955 407 1043 460 diu,
1068 421 1141 454 aut
1152 422 1245 454 turn
1258 408 1474 473 persequi.

246 483 277 530 S
289 477 334 530 v.
360 488 508 530 Iamne
522 483 791 537 enumerasti,
811 482 928 547 quod
943 482 995 529 ad
1006 494 1049 534 te
1060 483 1303 530 rediturum
1318 488 1477 548 putes?

198 611 202 615 ⁴
247 555 339 606 SA.
379 561 557 606 Hocine
589 560 663 608 illo
695 554 960 621 dignum'st?
1001 558 1159 606 hocine
1178 561 1371 624 incipere
1395 565 1477 606 Ae-

344 633 573 684 schinum?

146 726 210 775 30
248 714 329 756 Per
364 708 687 777 oppreffionem
715 720 763 758 vt
792 710 906 758 hanc
925 709 1034 756 mihi
1059 711 1230 776 eripere
1249 708 1476 775 postulet?

177 908 291 950 Nunc
318 909 464 950 demum
489 909 645 972 venis-2]
683 913 776 950 Ver-

117 963 166 1004 ba
196 964 283 1006 sunt
310 980 411 1019 quae
437 964 514 1006 dici
542 965 711 1019 poliunt,
747 965 773 1005 fi

116 1021 164 1060 ad
187 1035 394 1062 mercatum
411 1023 506 1062 leno
524 1024 622 1066 ierit,
643 1022 775 1074 etpost

117 1079 273 1118 rediens
297 1081 458 1134 exigere
471 1079 680 1132 pecuniam
691 1091 772 1119 coe·

116 1137 228 1186 perir.
284 1139 328 1176 E.

173 1195 224 1232 26
269 1191 320 1231 Vt
352 1188 408 1242 fit
440 1189 564 1242 fittius
598 1189 772 1244 perdere]

114 1248 192 1286 Per
210 1245 398 1293 ὖπερβολῆν
410 1247 483 1286 hoc
494 1247 640 1298 accipe.
675 1249 773 1287 Nam

116 1315 196 1341 non
227 1305 414 1343 conuenit
446 1302 636 1355 personae
665 1303 774 1341 leno·

116 1360 208 1399 niae
227 1359 365 1398 damna
386 1371 653 1398 contemnere.
684 1360 734 1397 D.

176 1428 229 1466 27
258 1417 337 1461 Aut
365 1429 458 1454 nunc
479 1418 640 1457 manere]
669 1418 776 1455 Dum

119 1483 201 1508 non
246 1471 400 1522 nauigo.
461 1471 554 1509 Tum
585 1469 775 1523 persequi]

119 1527 254 1576 Quum
279 1528 443 1566 rediero.
500 1530 551 1567 D.

175 1582 303 1621 Placet
336 1582 483 1622 Donati
512 1581 709 1620 Faerniani
736 1590 778 1619 et

118 1638 401 1676 nonnullorum
469 1636 582 1675 codd.
648 1637 776 1682 leffio,

114 1692 237 1746 Quam
257 1706 323 1731 aut
346 1692 402 1731 hic
420 1705 574 1731 manere.
637 1695 679 1731 B.

171 1757 220 1798 28
253 1744 614 1797 Iamneenumerasti]
651 1747 778 1786 Finxit

117 1808 234 1858 Syrus
259 1802 296 1843 se
319 1819 399 1843 non
419 1800 663 1849 intellexiss'e,
684 1801 777 1854 quid

118 1859 219 1912 apud
239 1858 274 1898 se
294 1858 416 1912 ipsum
438 1861 530 1899 leno
554 1860 701 1898 loeutus
723 1858 778 1897 fit.

121 1917 211 1956 ideo
230 1918 284 1955 illi
305 1917 407 1955 aliud
429 1917 492 1962 ait,
512 1929 624 1968 quam
644 1916 708 1954 ille
726 1912 777 1954 se-

120 1986 209 2011 cum
250 1969 502 2024 disputauerit
547 1973 779 2023 (disputaue-

120 2030 218 2079 ται).
271 2027 386 2082 Qtod
419 2029 468 2066 ad
502 2042 550 2067 te·
573 2029 778 2067 rediturum

118 2085 274 2138 putes?]
307 2087 389 2124 Hoc
421 2084 521 2123 dieio
551 2095 701 2123 tantum
736 2084 778 2121 il-

124 2140 203 2178 lum
267 2152 513 2192 accepturum
582 2139 777 2193 fignificat,

124 2208 307 2246 quantum
348 2196 507 2235 dederat
544 2196 585 2235 in
633 2196 777 2248 puella.

123 2254 219 2291 Nam
241 2252 286 2291 ad
311 2252 518 2298 mosi-edit.
548 2252 650 2303 qnod
672 2267 692 2290 a
711 2265 780 2290 no-

121 2307 178 2346 bis
201 2307 348 2347 abierit.
403 2312 451 2348 Et
480 2308 647 2347 dicendo
672 2308 775 2346 Redi-

121 2375 264 2410 turum,
303 2363 467 2404 ostendit
499 2362 609 2416 super
638 2364 778 2416 viginti

122 2420 245 2459 minas
267 2418 360 2458 nihil
379 2421 484 2460 illum
500 2419 650 2472 sperare
665 2433 779 2472 opor-

123 2487 225 2515 tere:
254 2475 299 2513 flc
320 2477 424 2514 euim
448 2474 569 2528 supra,
590 2477 706 2515 Minis
725 2477 778 2514 vi-

115 2534 220 2585 ginti
253 2544 293 2570 tu
325 2530 423 2570 illam
441 2532 572 2584 emisti,
609 2546 701 2586 quae
722 2545 779 2572 res

123 2587 194 2627 tihi
212 2601 338 2625 vertat
361 2587 474 2627 male!
534 2591 582 2628 D.

1386 785 1484 832 ὃν..

879 922 932 963 29
960 908 1100 949 Hocine
1126 907 1188 948 illo
1212 908 1363 964 dignum
1384 907 1483 964 ι’]ἰῗ]

823 964 1059 1006 Huiusmodi
1091 961 1345 1017 comploratio
1385 964 1485 1004 surn-

823 1036 926 1062 mam
971 1020 1280 1072 desperationem
1326 1021 1484 1062 lenonis

823 1077 1000 1118 ostendit.
1055 1078 1198 1117 Hocine
1225 1078 1382 1129 incipere
1411 1082 1488 1117 Ae-

809 1134 983 1187 schinum
994 1133 1034 1187 ?]
1071 1132 1191 1185 Quasi
1212 1134 1263 1172 de
1272 1146 1420 1186 magno
1432 1132 1487 1174 sa-

823 1192 959 1232 cinore
979 1190 1088 1229 dixit.
1150 1193 1204 1231 Vt
1224 1191 1262 1228 in
1283 1191 1488 1229 Heauton-

824 1249 1109 1295 timorumeno,
1138 1247 1233 1286 Vide
1265 1247 1367 1298 quod
1393 1248 1491 1285 ince-

819 1315 903 1358 ptet
930 1306 1097 1356 facinus.
1157 1300 1394 1344 Aeschinum
1425 1316 1490 1341 au-

825 1371 906 1398 tem
961 1372 1051 1397 cum
1097 1358 1323 1398 laudatione
1369 1358 1490 1396 dixit:

826 1413 928 1466 quafi
948 1427 1065 1465 quem
1085 1428 1167 1453 non
1181 1414 1320 1452 deceat
1332 1412 1489 1452 malefa-

827 1483 927 1510 cere.
985 1473 1033 1509 Et
1072 1471 1162 1509 vide
1196 1483 1314 1520 quam
1355 1472 1490 1508 omnia

826 1526 1254 1577 experiaturimpotens
1265 1523 1491 1564 etmiserob

827 1581 1134 1633 recuperandam
1159 1585 1365 1620 remmam
1403 1585 1455 1631 D.

879 1641 969 1677 Non
998 1638 1199 1685 conuenit,
1221 1648 1260 1675 vt
1279 1638 1319 1675 in
1345 1637 1489 1678 eodem

825 1692 1010 1732 versiculo
1031 1692 1173 1731 Hocine
1192 1693 1354 1744 primam
1375 1694 1493 1731 corri-

827 1750 929 1800 piat,
965 1748 1112 1787 deinde
1127 1747 1327 1800 producat.
1379 1752 1488 1802 Lege

827 1805 948 1858 igitur
982 1805 1176 1853 inceptare.
1235 1806 1298 1844 Sic
1327 1818 1488 1856 quoque

828 1861 921 1899 olim
945 1857 1080 1912 legiffe
1097 1863 1309 1908 Donatum,
1339 1862 1488 1914 colligi-

826 1927 885 1955 tur
906 1930 953 1955 ex
970 1916 1067 1963 loco,
1098 1929 1214 1967 quem
1233 1917 1381 1964 laudat,
1409 1921 1488 1958 He-

827 1982 902 2012 ant.
922 1985 992 2017 111,
1017 1984 1053 2023 3,
1076 1985 1139 2025 39.
1197 1975 1237 2012 Β.

881 2040 936 2081 30
965 2028 1015 2065 Vt
1034 2027 1126 2066 hanc
1148 2026 1240 2066 mihi
1267 2030 1404 2081 eripere
1420 2039 1488 2079 po-

818 2083 984 2136 stulet?}
1014 2087 1102 2124 Non
1123 2083 1217 2121 dicit
1237 2082 1287 2123 de
1299 2086 1490 2136 quaffor-

827 2152 886 2188 te,
914 2141 1003 2178 Non
1025 2141 1129 2187 dim,
1147 2142 1295 2192 quam):
1326 2141 1414 2191 quia
1437 2139 1489 2178 de

827 2197 894 2235 illa
916 2194 1036 2234 sermo
1060 2196 1126 2237 est,
1179 2196 1350 2245 Postula,
1385 2197 1487 2244 velit,

827 2263 894 2290 aut
917 2249 1050 2303 speret.
1107 2253 1261 2298 Cicero,
1289 2252 1337 2290 Vt
1355 2265 1487 2303 tempo-

827 2306 930 2347 ribus
947 2306 1084 2359 reipub.
1109 2308 1229 2355 cedat,
1262 2320 1335 2346 non
1362 2308 1407 2357 est
1424 2321 1485 2359 po·

818 2363 1052 2416 flulandum,
1081 2364 1117 2402 id
1139 2363 1203 2410 est,
1233 2363 1486 2415 cupiendum,

827 2430 894 2458 aut
940 2416 1252 2470 exspec‘landum.
1333 2419 1488 2471 Eripere

823 2473 1000 2528 postulet]
1030 2476 1078 2514 ss'v
1098 2479 1145 2519 τῷ
1171 2474 1235 2518 ἔθει
1257 2475 1372 2523 dixit,
1403 2489 1487 2514 non

829 2532 1038 2582 eripuerit:
1067 2543 1248 2582 tanquam
1262 2531 1391 2570 adhuc
1404 2544 1488 2569 non

830 2587 977 2626 fecerit.
1034 2589 1081 2625 Et
1100 2586 1146 2625 lic
1167 2589 1387 2638 loquuntur,
1419 2587 1488 2637 qui

177 2646 291 2684 Multi
316 2646 450 2684 1-‘aerui
474 2654 513 2681 ct
532 2642 649 2683 nostri
677 2643 781 2682 reete
833 2644 977 2682 nolunt
996 2642 1094 2682 circa
1116 2642 1153 2682 se
1173 2640 1492 2697 perseuerarein·

126 2699 278 2740 habent
325 2699 538 2755 enumerasti
576 2698 636 2750 id,
683 2700 783 2754 quod
831 2700 982 2740 iuriam.
1038 2701 1088 2738 D.

116 2758 200 2795 etc.
263 2758 306 2797 Β.

967 2755 1058 2808 03
