1875 3292
383 213 478 261 144

775 195 932 241 ACT.
962 195 1036 240 IV.
1073 193 1268 240 SCEN.
1297 194 1351 239 V.

513 324 573 377 M
582 340 614 375 1.
653 324 748 374 Ita?
786 340 890 371 nam
909 321 1113 376 mirabar,
1137 321 1244 386 quid
1267 322 1340 367 hic
1360 322 1513 382 negoti
1534 315 1636 366 cffct
1656 319 1752 369 tibi.

515 402 730 459 Erubuit:
772 400 882 446 salua
907 415 977 445 res
1001 396 1074 445 est.
1117 394 1159 444 A
1177 411 1217 443 Ε.
1260 387 1328 443 dic
1349 397 1485 450 sodes,
1509 383 1647 461 pater,

420 497 479 532 10
508 475 622 527 ‘Tibi
641 495 747 526 vero
772 474 879 540 quid
899 472 990 521 istic
1013 472 1073 521 est
1092 473 1186 520 rei?
1205 472 1277 521 M.
1298 472 1408 519 nihil
1420 472 1529 518 mihi
1541 471 1748 536 quidem:

514 557 695 603 Amicus
720 552 898 617 quidam
917 567 989 597 me
1017 567 1042 598 a
1064 550 1165 599 foro
1183 548 1360 597 abduxit
1379 548 1515 595 modo

511 635 620 679 Huc
653 630 914 676 aduocatum
947 625 1041 678 fibi.
1079 624 1128 675 A
1143 638 1183 676 Ε.
1229 623 1366 689 quid?
1413 621 1512 672 Μι.
1560 639 1645 684 ego
1681 621 1751 668 di-

613 722 709 754 cam
741 704 843 752 tibi:

1125 720 1129 723 ’
1609 697 1773 745 Habi--

379 853 547 907 Puffltui.
604 848 871 907 Qodfiiam]
901 850 1038 901 Quan-
1088 847 1285 888 Silentium
1313 859 1356 887 ac
1389 844 1562 886 ruborem
1578 856 1650 898 pro
1669 856 1752 884 con·

381 921 465 951 tum
484 909 569 950 scio.
628 912 680 949 D.

437 968 530 1008 Non
557 966 724 1020 equidem
753 963 858 1019 zstas]
890 960 961 1004 Ms.
994 965 1036 1004 R.

379 1024 505 1077 inflas.
559 1027 601 1065 L.

436 1088 457 1131 8
490 1081 575 1120 Ita?
592 1093 679 1120 nam
696 1076 863 1118 mirabar
881 1075 973 1129 quid
981 1074 1041 1115 hic

380 1140 506 1194 negoti
528 1134 607 1189 effi’t
626 1134 711 1185 tibi]
741 1133 905 1186 Accepit
922 1145 1043 1186 nega-

379 1194 532 1235 tionem
542 1194 676 1242 Micio‚
693 1203 730 1231 vt
739 1190 876 1230 ludere
885 1187 1041 1230 Aeschi-

378 1264 479 1293 -num
499 1246 634 1302 poffet.
690 1251 738 1289 D.

435 1311 507 1349 Pro
536 1306 642 1346 Itane
663 1306 766 1345 fecie
792 1314 931 1343 omnes
955 1300 1041 1341 libri

379 1365 454 1406 Ita.
485 1361 549 1403 sed
576 1362 617 1402 id
644 1365 811 1402 Faernus
840 1360 943 1399 male
969 1371 1041 1410 per

379 1420 734 1473 interrogationem
754 1416 927 1469 protulit.
957 1417 999 1456 B.

438 1491 463 1532 9
503 1474 688 1515 Erubuit:
722 1473 832 1527 Jc'zlua
877 1486 936 1512 res
971 1469 1039 1525 est]

378 1531 505 1577 Nimis
537 1545 698 1585 paterna
730 1528 935 1570 sententia.
992 1531 1040 1568 Et

380 1605 407 1631 e
442 1591 633 1629 contrario
660 1589 767 1628 Simo
806 1587 848 1625 in
875 1585 1038 1630 Andria,

384 1648 477 1688 Vide
513 1658 600 1684 num
628 1647 702 1684 eius
737 1643 852 1686 color,
881 1642 1040 1693 pudoris

369 1702 520 1760 fignum
568 1700 719 1755 vstluam
766 1699 917 1737 indicat.
992 1698 1042 1735 Et

382 1760 520 1812 quanti
547 1755 703 1796 affecius
719 1754 785 1801 est,
805 1766 886 1792 non
908 1748 1043 1791 dixisse

1078 904 1191 956 Ι[ἐπ-[ὰ
1211 905 1357 944 ducens.
1410 906 1453 945 L.

1160 960 1412 1005 Menander:
1466 959 1634 1006 Ε’ςιυθςιῶν
1683 958 1752 1000 παῖς

1088 1017 1212 1067 χρκςδς
1240 1017 1323 1056 εἶναι
1351 1033 1405 1063 μοι
1437 1018 1535 1054 δοκεῖ.
1589 1012 1653 1054 W.

1149 1087 1201 1119 10
1233 1073 1346 1114 Nihil
1360 1071 1453 1113 mihi
1476 1069 1639 1125 quidem]
1670 1069 1752 1110 Mi.

1090 1131 1150 1181 hi,
1185 1130 1225 1170 id
1244 1131 1316 1178 est,
1346 1142 1461 1169 meae
1480 1127 1660 1180 propriae
1679 1126 1750 1164 rei.

1089 1192 1139 1230 Et
1171 1187 1308 1227 callida
1344 1186 1562 1240 negatione
1593 1183 1754 1234 coepit:

1089 1257 1130 1285 vt
1146 1256 1187 1284 et
1214 1245 1270 1283 illi
1297 1243 1441 1282 adimat
1460 1239 1676 1281 confitendi
1693 1238 1752 1277 lo·

1091 1313 1178 1341 cum
1198 1314 1241 1340 ac
1257 1300 1458 1340 fiduciam:
1489 1296 1677 1347 simulque
1687 1294 1753 1335 fiat

1091 1359 1129 1400 ei
1165 1355 1380 1410 desperatio
1419 1353 1624 1394 ducendae
1653 1353 1748 1399 eius,

1092 1415 1198 1454 cuius
1234 1413 1385 1453 mentio
1413 1421 1490 1451 tam
1522 1408 1751 1450 contemtim

1091 1471 1138 1512 ab
1156 1467 1237 1522 ipso
1256 1470 1442 1510 tracietur.
1498 1467 1549 1507 D.

1145 1526 1274 1569 Nostri
1296 1538 1455 1574 omnes,
1480 1523 1550 1563 Rei
1567 1521 1622 1575 est.
1680 1525 1752 1563 Re-

1089 1597 1195 1637 pone
1215 1584 1285 1623 Rei
1290 1581 1388 1634 ficit.
1443 1584 1544 1622 Nam
1561 1581 1637 1620 iam
1657 1577 1753 1618 inde

1091 1641 1241 1680 exierat
1259 1639 1393 1680 Micio.
1449 1639 1493 1676 B.

1153 1707 1172 1737 1
1182 1707 1200 1736 1
1231 1696 1379 1734 Amicus
1396 1693 1542 1746 quidem
1556 1704 1610 1730 me
1620 1691 1751 1742 aforo

1093 1749 1253 1791 abduxit
1290 1750 1394 1791 modo
1423 1748 1494 1787 huc
1527 1749 1750 1788 aduocatum

382 1815 559 1863 Erubuit,
569 1812 698 1865 fiiluus
720 1811 787 1864 cst:
814 1808 899 1858 sed,
929 1808 1043 1848 Salua
1081 1807 1176 1862 fibi]
1207 1808 1309 1846 Hinc
1327 1805 1469 1857 incipit
1488 1804 1750 1852 mendacium,

382 1887 443 1914 res
461 1871 531 1925 est?
563 1872 711 1909 Nonne
731 1866 882 1907 videtur
901 1864 970 1904 tibi
982 1877 1043 1904 res

383 1931 468 1970 eins
489 1928 613 1966 omnis
632 1927 673 1964 in
695 1920 886 1967 Aeschino
907 1921 1044 1960 consti-

384 1986 490 2026 tuta?
524 1983 674 2024 Eodem
702 1981 835 2019 animo
864 1990 902 2018 et
930 1976 1042 2029 supra

384 2043 503 2089 dixit,
537 2041 580 2079 ln
598 2053 638 2078 eo
661 2051 714 2078 me
734 2036 892 2082 obleao,
917 2031 1042 2087 solum

383 2099 426 2139 id
443 2097 487 2148 est
508 2110 631 2135 carum
653 2093 754 2134 mihi.
811 2096 903 2133 Non
931 2091 1042 2130 enim

371 2155 500 2209 filum
524 2153 652 2192 intulit
672 2149 777 2202 quod
806 2146 1042 2201 exspectabaf

386 2223 466 2250 tur:
500 2208 560 2250 sed
589 2206 779 2253 absolute,
815 2203 915 2256 quast
935 2217 983 2243 ex
1004 2217 1044 2242 o-

382 2267 537 2309 mnibus
558 2264 679 2305 solum
698 2261 808 2311 idest,
829 2261 966 2312 inquit.
992 2263 1042 2300 D.

439 2323 624 2362 Erubuit:
635 2320 747 2371 sidua
768 2318 843 2372 res]
871 2317 1042 2369 Lampri-

386 2380 473 2419 dius
494 2382 532 2418 in
554 2377 761 2430 Heliogab.
793 2375 883 2414 Cum
901 2374 950 2412 ad
963 2376 1042 2412 vin-

385 2438 521 2477 demias
552 2434 705 2486 vocasftt
731 2434 864 2472 amicos
888 2429 1042 2476 nobiles,

388 2507 425 2532 et
436 2493 483 2530 ad
493 2489 775 2542 cor-hessadiffet,
789 2485 1042 2543 grautffimum

385 2561 560 2603 quemque
580 2549 794 2599 percontari
820 2546 962 2596 coepit,
993 2555 1042 2581 an

381 2616 552 2658 promtus
578 2605 658 2656 astet
684 2607 721 2642 in
741 2603 934 2641 Venerem:
963 2611 1041 2639 eru-

388 2658 681 2712 hescentilrusisue
692 2657 853 2713 finibus,
865 2656 1042 2696 exclama-

386 2715 469 2762 bat:
513 2716 679 2759 Erubuit
687 2729 700 2767 3
736 2713 839 2758 salua
873 2726 934 2755 res
972 2711 1037 2754 est.

1091 1864 1245 1904 mistum
1284 1876 1389 1904 vero,
1469 1864 1569 1903 Nam
1601 1862 1751 1900 Amicus

1093 1923 1242 1975 quidam
1261 1933 1315 1959 me
1333 1934 1355 1959 a
1371 1919 1468 1971 fbro
1497 1918 1585 1963 huc,
1614 1930 1751 1957 verum

1093 1977 1168 2018 est:
1197 1977 1437 2024 Admcasum,
1464 1971 1612 2015 falsum.
1671 1971 1751 2014 Sed

1092 2036 1178 2074 Huc
1198 2044 1237 2073 et
1256 2033 1435 2090 ¹qudam,
1466 2029 1587 2070 modo
1609 2028 1752 2076 ’ἔμφασιν

1091 2091 1239 2130 habent
1262 2090 1362 2128 leuis
1385 2088 1547 2141 negotii,
1566 2087 1654 2126 etin
1672 2098 1750 2138 quo

1092 2161 1168 2187 nec
1190 2158 1357 2200 magnae
1376 2142 1575 2197 personae,
1597 2155 1668 2182 nec
1689 2154 1750 2180 res

1093 2203 1260 2243 difficilis
1280 2214 1425 2255 operae
1441 2211 1505 2240 aut
1522 2200 1668 2253 longae
1689 2210 1751 2236 oc·
1771 2197 1773 2199 ’

1094 2259 1311 2312 cuparionis
1340 2257 1544 2296 habentur.
1600 2258 1648 2296 Et
1674 2255 1752 2294 Ad-

1091 2329 1262 2357 uocatum
1283 2313 1467 2362 dicendo,
1495 2313 1664 2352 alienum
1683 2323 1752 2350 ne-

1092 2373 1243 2427 gotium
1274 2369 1574 2411 demonstrauit:
1602 2382 1692 2406 nam
1709 2377 1750 2406 et

1092 2428 1173 2469 Sibi
1196 2441 1276 2468 non
1298 2438 1413 2466 vacat.
1446 2425 1474 2466 fi
1501 2425 1610 2464 enim
1627 2423 1750 2463 mulie·

1090 2485 1194 2526 ribus
1222 2480 1444 2532 addidifl'et‚
1483 2481 1609 2535 potuit
1643 2480 1748 2520 aliud

1090 2539 1239 2595 sperari.
1298 2542 1346 2581 D.

1150 2611 1199 2642 12
1228 2595 1391 2654 Qid?]
1430 2592 1553 2635 Deest
1586 2593 1673 2633 Ait:
1706 2603 1746 2630 vt

1090 2655 1143 2702 fit,
1155 2656 1264 2712 Qid
1283 2656 1365 2694 ait?
1423 2654 1504 2707 Ego
1521 2650 1637 2689 dicam
1655 2648 1748 2703 tibi]

1091 2713 1226 2757 Semne
1265 2711 1328 2753 est.
1384 2711 1491 2762 Nam,
1519 2705 1559 2746 id
1592 2706 1667 2744 iam
1696 2704 1753 2742 di-

1583 2761 1752 2804 cendum
