1875 3292
391 250 493 299 204

774 234 937 287 Ἀετ.
968 236 1025 284 v.
1059 209 1252 299 ScEN.
1281 233 1408 285 vm.-

425 387 451 419 2
461 383 489 432 5
528 364 688 417 Affinis
719 365 874 420 nobis,
910 379 1103 432 pauper:
1148 364 1263 414 bene
1291 371 1388 414 ‘'nos
1422 364 1588 431 aliquid
1620 366 1764 415 facere

623 444 688 492 illi
720 442 858 489 decet.

521 517 620 569 Ml.
659 517 783 576 Quid
819 517 994 565 facere?
1040 513 1146 564 DE.
1184 517 1311 579 agelli
1345 516 1405 566 est
1435 517 1508 565 hic
1543 516 1619 566 sub
1654 519 1761 568 vrbe

620 594 864 661 paululum,
877 591 1009 659 {quod
1029 594 1179 641 locitas
1203 594 1344 642 foras:

520 673 643 720 Huic
677 671 830 718 demus
864 671 941 734 qui
973 669 1160 716 fruatur.
1196 668 1299 718 Ml.
1341 670 1574 735 paululum
1609 671 1655 718 id
1689 688 1761 718 au·

618 746 740 795 tem?
781 743 885 796 DE.
920 743 951 791 fi
974 745 1166 797 multum
1188 742 1253 798 sit,
1274 756 1421 794 tamen

519 823 797 872 Faciundum
829 819 910 868 est:
955 838 1041 886 pro
1073 831 1198 886 patre
1230 821 1334 870 huic
1375 819 1460 870 est:
1498 821 1643 871 bonus
1677 821 1760 881 est:

613 896 760 947 noster
781 895 866 946 est:
904 893 1026 945 reae
1051 896 1192 944 datur.

432 1133 488 1175 25
538 1119 673 1176 Affinis
719 1119 856 1175 nobis]
907 1119 1037 1161 Reae.

375 1181 480 1220 Nam
519 1179 648 1218 vxoris
681 1178 860 1231 cognati,
898 1177 1038 1217 marito

373 1234 515 1275 affines
527 1231 624 1274 sunt.
681 1233 845 1288 Pauper]
867 1235 948 1273 Iam
961 1232 1038 1272 hoc

372 1293 540 1332 nomine
563 1300 725 1344 apparet
743 1289 900 1342 aliquid
929 1290 1038 1344 flagi·
1064 1323 1068 1328 ,

372 1349 460 1389 tari.
517 1349 569 1388 D.

428 1407 608 1456 Cuperus
628 1403 672 1442 in
693 1399 784 1446 obs.
801 1415 831 1452 1,
850 1415 888 1457 9.
915 1400 1038 1442 existi-

369 1472 464 1509 mat,
484 1460 580 1499 illud
598 1459 696 1499 Bene
713 1458 969 1499 tribuendum
985 1455 1038 1498 es·

367 1516 411 1557 se
421 1517 609 1564 Micioni;
628 1517 798 1569 primum
810 1515 915 1567 quod
928 1514 1037 1554 Face·

367 1587 409 1613 rae
422 1574 531 1612 alicui
542 1572 686 1627 aliquid
695 1572 776 1612 fine
791 1571 876 1611 bene
895 1571 1036 1624 simpli-

366 1631 467 1670 citer
483 1630 675 1681 {igniticet
687 1627 800 1681 saepe
821 1626 1033 1668 commodis

365 1684 648 1736 beneficiisque
676 1685 857 1724 afficere:
885 1683 1034 1722 deinde

363 1741 473 1793 quod
501 1741 600 1780 Bene
625 1740 667 1779 {it
687 1741 788 1788 eius,
817 1740 884 1791 qui
913 1739 1032 1778 imer-

365 1810 525 1850 rumpat
543 1798 728 1849 aliquem,
755 1806 794 1836 et
811 1795 922 1835 fimul
940 1806 1031 1833 eum

361 1867 539 1907 pergere
560 1853 780 1893 admoneat.
837 1855 878 1893 Z.

417 1914 472 1953 26
489 1909 606 1965 Qod
614 1908 746 1948 locitas
752 1907 888 1962 foras]
909 1904 1029 1947 Foras

360 1966 481 2013 dixit,
513 1968 644 2006 locum
673 1979 745 2018 pro
772 1962 936 2017 persona
955 1976 1029 2016 po-

359 2036 486 2063 nens:
517 2021 621 2076 quasi
639 2021 795 2069 diceret,
821 2021 958 2072 Nescio
972 2019 1031 2058 cui

357 2082 494 2120 alieno.
527 2078 577 2118 fic
599 2089 639 2118 et
656 2091 728 2119 nos
747 2078 926 2126 dicimus,
952 2078 1030 2116 Au-

356 2138 398 2176 di
428 2136 519 2190 quid
550 2136 646 2175 dicit
675 2136 695 2154 ¹*
725 2135 814 2173 Ecce
836 2133 924 2179 hac,
955 2145 1028 2185 pro

355 2193 450 2233 Ecce
478 2193 538 2232 hic
563 2193 660 2244 (Hic
688 2191 830 2231 omittit
862 2187 934 2232 Ms.
956 2191 1028 2240 H.)

355 2252 498 2291 Cicero
521 2250 652 2301 (Verr.
668 2261 697 2297 1,
723 2249 830 2301 26.),
862 2248 1026 2287 Hierum

355 2305 456 2346 alius
482 2320 529 2344 ex
549 2305 624 2344 alia
642 2314 763 2358 parte.
818 2301 936 2344 Deest
969 2314 1027 2340 er-

356 2375 410 2414 go
429 2361 598 2414 aliquid,
633 2373 672 2401 vt
693 2361 744 2410 iit,
762 2359 882 2415 Qod
896 2359 1027 2398 locitas

346 2420 466 2469 foras
493 2416 648 2469 versiam,
670 2421 752 2458 Aut
771 2417 795 2456 ii
815 2418 936 2466 foris.-
954 2415 1026 2467 fo·

354 2477 411 2512 rix
429 2474 564 2524 poſsm,
586 2473 624 2512 id
648 2473 713 2521 est,
746 2474 889 2513 alieno.
947 2470 1022 2511 Sub

354 2530 445 2568 vrbe
466 2530 512 2581 cst
528 2530 722 2581 paululum
733 2528 839 2585 agelli
851 2528 927 2582 hic]
947 2532 1025 2568 To·

355 2596 439 2624 tum
480 2598 567 2624 cum
606 2588 878 2625 contemtione
924 2586 1025 2635 (cum

356 2654 543 2680 contemtu
564 2669 574 2685 ,
629 2644 714 2694 alii)
762 2641 1025 2695 pronuncian-

355 2700 466 2739 dum.
525 2700 572 2735 1).

412 2754 593 2805 Paulum,
633 2754 739 2807 quod
775 2758 948 2796 Faernus
979 2752 1020 2791 in

1593 972 1759 1022 Postre-

1088 1133 1166 1161 vno
1182 1119 1284 1164 Cod.
1318 1119 1483 1173 reperit,
1511 1118 1607 1159 ratio
1630 1115 1756 1158 versus

1091 1175 1274 1229 exposcit.
1326 1179 1367 1217 B.

1144 1246 1200 1287 27
1228 1233 1330 1274 Huic
1349 1233 1474 1273 demus
1493 1229 1757 1287 qt'cifruatur]

1086 1288 1132 1332 ld
1151 1289 1217 1338 est,
1241 1290 1308 1342 qui
1327 1288 1497 1329 fructum
1512 1289 1647 1341 capiat,
1669 1301 1758 1327 non

1087 1347 1326 1400 proprietate
1360 1346 1538 1398 potiatur.
1593 1344 1756 1395 Proprie

1089 1415 1198 1457 erg0‚
1211 1414 1250 1442 et
1263 1401 1365 1454 quasi
1376 1402 1426 1441 de
1437 1402 1522 1441 iure
1531 1400 1629 1439 dixit
1638 1402 1758 1441 Frua-

1086 1472 1163 1503 tur.
1201 1457 1257 1498 est
1285 1468 1418 1498 autem
1449 1457 1640 1505 Fruatur,
1676 1458 1754 1497 ala·

1088 1527 1172 1556 tur:
1204 1515 1295 1568 quia
1313 1514 1471 1554 Frumen
1493 1513 1632 1552 dicitur
1652 1510 1755 1553 sum-

1084 1586 1151 1612 ma
1168 1572 1272 1626 gula,
1295 1584 1367 1623 per
1385 1584 1504 1623 quam
1524 1569 1652 1609 cibum
1680 1570 1706 1607 li
1714 1583 1757 1610 n·

1085 1641 1161 1682 gua
1183 1628 1353 1667 demittit
1372 1628 1413 1667 in
1434 1637 1623 1666 ventrem.
1653 1628 1702 1666 D.

1139 1687 1247 1737 Lege
1273 1684 1432 1723 Paulum
1457 1683 1500 1721 id
1525 1695 1645 1721 autem
1673 1679 1753 1732 est?

1081 1743 1134 1781 D.
1154 1737 1196 1789 st
1212 1738 1431 1789 malumst,
1463 1751 1584 1778 tamen
1608 1746 1681 1776 etc.
1714 1747 1752 1776 rt

1081 1794 1270 1834 efficiatur
1291 1792 1419 1834 versus
1434 1803 1658 1834 tetrameter
1669 1805 1752 1832 aca-

1080 1852 1299 1899 talefflcus,
1331 1861 1370 1890 vt
1400 1851 1555 1890 caeteri.
1613 1851 1752 1891 Caete-

1078 1921 1163 1948 rum
1188 1907 1230 1947 in
1265 1906 1401 1946 nostris
1421 1906 1548 1949 Codd.
1575 1916 1680 1944 extat
1703 1905 1750 1945 11

1079 1977 1202 2004 autem
1228 1963 1303 2016 est?
1320 1964 1362 2002 in
1383 1976 1464 2003 vno
1486 1973 1559 2002 vet.
1574 1963 1748 2011 Paulum,

1080 2032 1120 2062 et
1151 2021 1193 2059 in
1222 2020 1370 2071 aliquot
1395 2019 1747 2071 Fae1·ni,autiquis,

1070 2076 1116 2130 st
1126 2075 1281 2116 multum
1307 2074 1366 2128 est.
1424 2078 1465 2117 B.

1133 2140 1186 2183 28
1217 2134 1344 2173 Bonus
1363 2130 1433 2184 est.-
1460 2129 1582 2183 noster
1599 2128 1671 2182 est.-
1691 2142 1746 2168 re·

1078 2190 1130 2229 He
1153 2188 1286 2243 datur]
1314 2187 1574 2235 Ε’πιτςοχασμδς
1593 2186 1745 2225 hortan-

1078 2247 1137 2296 tis,
1157 2258 1198 2286 et
1212 2248 1387 2285 ἀσύνδετον
1396 2245 1516 2284 multa
1526 2254 1745 2296 congeren-

1077 2304 1135 2342 tis.
1193 2301 1322 2342 Bonus
1343 2299 1407 2356 est]
1440 2301 1569 2340 Potuit
1588 2296 1745 2351 respon·

1078 2359 1188 2408 deri,
1219 2356 1325 2411 Qid
1352 2360 1457 2397 mea?
1513 2357 1641 2398 Bonus
1671 2352 1745 2407 est.-

1077 2414 1196 2467 noster
1217 2414 1283 2468 est]
1314 2416 1422 2454 Haec
1441 2413 1574 2452 omnia
1594 2411 1744 2451 vultuo-

1075 2470 1125 2520 se,
1151 2483 1336 2521 tanquam
1356 2469 1551 2509 inuidiam
1564 2467 1744 2519 pai-limo·

1075 2529 1167 2568 niae
1195 2525 1308 2566 faciat
1335 2526 1514 2567 Micioni.
1571 2527 1619 2564 Et
1657 2523 1744 2572 plue

1075 2581 1261 2636 fignificat
1279 2581 1427 2634 Noster,
1450 2594 1566 2634 quam
1583 2579 1608 2618 {i
1626 2577 1741 2616 adda-

1074 2651 1147 2684 tur,
1173 2638 1284 2693 Quid
1303 2639 1453 2690 noster?
1511 2635 1649 2687 Noster
1669 2631 1738 2686 est]

1073 2698 1183 2736 Bene
1205 2695 1367 2734 addidit.
1423 2696 1601 2743 Namque
1629 2689 1737 2735 dixit,

1073 2751 1152 2793 Pro
1176 2763 1290 2806 patre
1318 2751 1402 2792 huic
1422 2748 1479 2802 est.
1538 2747 1645 2788 Rec‘te
1671 2746 1738 2856 da}

1651 2814 1714 2841 tm·
