1859 3196
625 210 929 276 HECYRA:
1349 213 1440 274 363

209 369 366 420 PAM.
401 366 512 412 Non
540 358 599 407 est
620 375 737 405 nunc
764 367 958 419 tempus.
991 342 1095 393 LA·
1133 356 1324 408 puerum
1346 341 1448 387 acci-

317 444 435 508 pias:
471 454 572 484 nam
597 438 629 480 is
655 432 834 496 quidem

219 524 273 567 In
299 519 425 582 culpa
449 531 539 561 non
562 510 643 559 est:
684 506 780 573 post
801 505 854 552 de
875 510 1012 549 matre
1035 495 1202 543 videro.

221 593 370 643 ΡΑΜ.
437 588 658 637 Omnibus
693 582 834 631 modis
868 576 993 625 miser
1021 573 1138 621 sum:
1195 586 1300 621 nec,
1349 563 1455 630 quid

324 684 446 730 agam
461 702 473 719 ,
506 665 613 711 scio:

131 757 196 806 80
232 750 328 794 Tot
349 761 420 790 me
444 758 567 788 nunc
587 736 718 785 rebus
743 731 947 780 miserum
968 722 1190 774 concludit
1208 730 1347 786 pater.

231 821 377 869 Abibo
400 819 516 868 hinc,
541 812 738 879 praesens
764 806 940 872 quando
962 815 1212 868 promoueo
1233 809 1414 862 parum:

231 903 353 946 Nam
375 908 566 959 puerum
588 883 760 937 iniussu,
783 882 928 934 credo,
947 895 1037 926 non
1059 875 1217 922 tollent
1245 887 1371 925 meo3

232 972 484 1023 Praesertim
506 969 551 1013 in
574 983 621 1011 ea
643 980 691 1010 re
712 976 849 1024 quum
871 956 920 1003 fit
939 955 1049 1002 mihi
1069 951 1254 999 adiutrix
1273 947 1434 993 socrus.

237 1047 344 1097 LA.
383 1042 550 1105 Fugis?
587 1034 719 1087 hem!
749 1053 830 1083 nec
854 1033 1089 1097 quicquam
1111 1027 1218 1073 certi
1237 1018 1474 1087 respondes

384 1125 391 1131 .
433 1122 486 1153 ·‘>

120 1243 123 1246 .
145 1213 206 1266 85
244 1139 381 1249 Νιπιῐῖι
385 1122 478 1245 12ὲῖ
499 1192 671 1242 videtur
695 1185 778 1236 esse
798 1183 916 1252 apud
940 1182 1051 1230 sese?
1086 1176 1198 1224 fine:

247 1281 466 1326 Puerum,
505 1269 748 1334 Phidippe,
788 1263 899 1311 mihi
926 1257 1060 1311 cedo,
1103 1270 1188 1316 ego
1220 1249 1346 1298 alam.
1383 1243 1483 1295 PH.

347 1363 564 1398 maxume.

1374 1399 1487 1445 Non

176 1583 232 1629 77
261 1572 355 1612 Non
399 1566 447 1620 est
488 1578 584 1606 nunc
623 1558 779 1614 tempus]
889 1564 942 1607 80
973 1549 1170 1595 Concludit
1191 1543 1319 1601 pater]
1355 1535 1494 1602 Trans-

125 1633 232 1683 Quia
251 1627 355 1668 socer
373 1623 488 1665 adest.
547 1625 595 1662 Et
615 1618 782 1658 oratorie
835 1615 928 1654 latio
968 1611 1019 1650 de
1055 1607 1139 1648 fera
1173 1604 1368 1654 indagata.
1433 1597 1495 1636 Sxe

127 1686 311 1738 confugit
322 1682 368 1722 ad
378 1680 635 1721 deditionem,
648 1672 786 1714 defen·
837 1670 979 1711 Cicero
994 1668 1123 1715 (Verr.
1144 1672 1212 1708 111,
1232 1657 1315 1712 59.)
1346 1656 1499 1693 circum·

746 1740 787 1766 ro
839 1727 949 1766 datos
976 1721 1086 1762 Verri
1106 1714 1274 1757 cancellos
1292 1712 1357 1752 ait.
1388 1712 1438 1750 D.

126 1745 235 1785 stone
254 1738 455 1780 titubante.
514 1733 696 1785 Accipias]
718 1731 742 1768 P

900 1788 951 1830 82
985 1778 1086 1818 Nam
1100 1785 1271 1827 puerum,
1299 1765 1422 1813 credo]
1449 1765 1501 1803 O·

130 1802 262 1852 accipe,
323 1791 446 1836 Causa
491 1803 557 1830 cur
603 1787 789 1836 accipiat:

135 1858 240 1897 Nam
274 1855 305 1892 is
339 1850 483 1904 quidem
512 1849 552 1885 in
588 1844 690 1894 culpa
718 1853 793 1879 non
842 1838 949 1878 mnia
970 1834 1061 1874 facit
1079 1834 1218 1875 Poeta,
1254 1839 1306 1866 ne
1329 1834 1391 1862 :tut
1418 1833 1504 1859 rem

134 1913 201 1966 est]
229 1913 276 1949 In
304 1908 377 1947 hoc
399 1905 501 1944 cii-‘sto
524 1901 578 1942 est
604 1897 794 1952 quaedam
844 1895 971 1948 palam
1007 1889 1140 1934 faciat,
1178 1895 1244 1924 aut
1284 1876 1506 1921 intercedat

135 1969 259 2009 faceta
294 1962 410 2003 irrifio
438 1961 542 2008 eius,
582 1957 648 2010 qui
678 1954 794 1993 nimis
847 1949 1071 1990 diuortium.
1128 1946 1180 1984 D.

140 2020 345 2065 iracundus
368 2018 419 2057 fit.
473 2018 522 2058 D.
901 2011 951 2058 83
993 2001 1176 2042 Adiutrix
1205 1994 1353 2046 fhcrus]
1391 1991 1508 2039 Quae

192 2087 246 2131 78
289 2075 375 2127 Post
407 2074 450 2112 de
488 2083 606 2112 matre
652 2066 797 2120 videro]
847 2062 953 2105 dixit,
978 2058 1165 2099 Continuo
1184 2060 1399 2104 exponetur.
1432 2047 1481 2085 D.

142 2138 253 2177 Bene
272 2133 321 2172 de
341 2142 464 2170 matre
483 2124 672 2171 concedit,
692 2135 732 2163 vt
752 2123 801 2161 de
906 2117 997 2157 Cum
1023 2113 1114 2153 mdn'
1134 2109 1186 2162 fit
1216 2111 1255 2148 in
1287 2119 1324 2143 ea
1346 2117 1384 2143 re
1404 2102 1513 2141 adiu-

146 2202 269 2245 puero
318 2194 564 2236 extorqueat:
610 2181 698 2232 quia
738 2176 804 2218 scit
854 2176 956 2218 trix]
990 2170 1094 2221 Quia
1114 2166 1514 2209 mulieresnunquam

148 2254 355 2300 parentum
384 2238 634 2284 concordiam
657 2235 805 2275 firmam
857 2231 992 2269 volunt
1017 2241 1037 2265 a
1068 2221 1232 2269 maritis,
1263 2216 1331 2256 niti
1358 2212 1394 2253 se
1416 2225 1516 2252 ama-

151 2300 228 2343 esse
248 2314 316 2352 per
334 2298 445 2336 filios.
501 2297 551 2335 D.
856 2289 901 2328 ri.
959 2287 1001 2323 E.

917 2348 971 2391 84
1006 2334 1147 2391 fugis?
1186 2328 1313 2382 beust]
1352 2328 1408 2365 Ex
1438 2336 1520 2362 ver-

209 2424 263 2466 79
305 2407 485 2449 Omnibus
536 2403 657 2444 modis
703 2399 814 2450 mifir
863 2398 922 2435 bis
941 2387 1272 2446 pau-isostendere
1284 2376 1522 2430 vo1uit,quid

149 2468 255 2526 sum]
276 2465 381 2516 Quid
397 2464 461 2510 est,
481 2456 815 2501 Omnibusmodis?
866 2462 954 2504 agat
983 2446 1213 2498 Pamphilus.
1246 2450 1284 2480 et
1313 2439 1380 2476 ille
1400 2433 1521 2476 Abibo

158 2538 284 2566 vtrum
312 2534 348 2560 et
378 2521 475 2557 circa
505 2527 731 2569 parentem,
779 2522 818 2550 et
868 2507 975 2553 dixit,
999 2504 1074 2550 hic,
1096 2500 1237 2554 Fugis?
1292 2498 1340 2535 D.

159 2584 258 2622 circa
294 2572 483 2617 vxorem‘?
513 2587 561 2611 an
590 2583 629 2611 et
648 2572 688 2609 in
710 2567 821 2608 redu·
927 2570 977 2616 ὃς
1012 2560 1115 2598 Num
1145 2554 1214 2596 uhi
1244 2546 1470 2599 videtureffi
1490 2558 1528 2584 a-

162 2635 310 2678 cenda.
341 2644 377 2672 et
398 2633 436 2669 in
459 2642 540 2667 non
564 2621 820 2667 reducenda?
866 2614 1049 2674 pudfifi]
1073 2611 1188 2665 Quafi
1201 2610 1250 2649 ob
1272 2617 1439 2647 amorem
1452 2614 1531 2640 me-

164 2688 400 2781 Μὶβ»ι·]ἱιηι1]
431 2692 493 2728 An
516 2681 628 2723 miser
652 2680 741 2729 sum,
762 2680 824 2718 cui
875 2674 1024 2715 tetricis
1072 2668 1235 2709 insanus.
1290 2663 1390 2710 Sine]
1436 2658 1532 2702 Sine,

166 2749 334 2790 maxime
355 2741 591 2789 onrudimr,
621 2737 726 2789 quod
746 2750 826 2774 ma·
877 2727 1077 2783 separatim
1129 2725 1283 2775 accipe:
1326 2718 1418 2770 quia
1454 2715 1532 2751 vim

169 2807 275 2844 xime
294 2802 414 2855 fugio,
439 2799 475 2838 id
499 2796 564 2847 est,
593 2794 714 2848 puer?
744 2796 796 2835 D.
878 2786 996 2828 habet
1019 2779 1301 2823 comminantis«
1358 2775 1406 2815 D.
