1859 3196
599 208 911 258 HECYRA.‘

1318 229 1406 276 37¹

172 341 325 401 Mane,
346 339 548 389 nondum
566 340 694 387 etiarn
717 339 805 388 dixi
825 338 872 386 id
895 337 1015 404 quod
1038 337 1173 390 volui.
1193 339 1265 388 hic
1287 358 1407 394 nunc

270 433 449 466 vxorem
471 415 623 471 habet3

172 497 348 551 Quaere
371 493 504 539 alium
537 492 614 539 tibi
636 493 826 540 amicum
836 486 1089 546 firmiorem,
1109 491 1216 541 dum
1228 504 1404 561 tempus

267 569 519 617 consulendi
542 566 623 616 est:

32 789 144 839 dixit,
164 802 266 842 quae
284 789 339 830 est
365 789 476 843 longi
505 787 690 840 temporis

31 846 272 902 significatio.
328 847 436 887 Hanc
451 847 556 899 prius
579 858 689 898 quam

30 903 162 957 duxit]
194 908 299 944 Ante
324 915 427 942 rem:
458 916 479 941 a
507 900 690 953 praeteri-

33 961 80 998 tis
93 970 132 1000 et
149 971 239 998 ante
255 958 355 998 affis.
414 957 580 1012 Vestrum
591 970 687 996 amo·

28 1031 105 1056 rem
121 1015 280 1069 pertuli]
310 1012 561 1060 Α’ποσιαῖπησις,
591 1024 632 1052 vt
650 1013 691 1052 in

29 1072 242 1113 Heautont.
284 1073 339 1110 At
375 1084 442 1110 nae
474 1069 564 1109 zllud
599 1067 692 1109 baut

28 1126 201 1175 inultum,
221 1125 256 1180 st
278 1129 379 1175 viuo,
397 1126 542 1178 ftrem.
600 1126 690 1166 Non

28 1187 127 1233 iam,
165 1197 238 1223 non
278 1196 358 1223 tute
395 1181 562 1225 cohibes?
626 1185 689 1220 Ve-

20 1240 142 1294 strum
201 1241 313 1286 Non,
343 1238 456 1290 ipsius
486 1236 688 1290 Pamphili.

29 1298 133 1348 Ergo
180 1294 298 1335 lande
309 1293 585 1335 ethonorifice.
606 1307 687 1334 non

29 1354 138 1392 enim
157 1352 260 1390 illius
291 1364 488 1398 amorem,
519 1361 558 1389 et
580 1361 688 1389 tuum

29 1407 253 1460 quaestum:
300 1404 363 1446 sed
412 1418 585 1446 amorem
629 1418 688 1444 ve-

29 1463 158 1512 strum,
179 1462 276 1501 nihil
299 1462 508 1514 potuitdici
528 1461 687 1501 familia-

28 1519 124 1569 rius,
181 1518 483 1565 Fama-autem,
501 1528 686 1569 quantam

27 1576 108 1615 vim
128 1574 339 1626 patientiae
351 1573 475 1623 habet,
487 1585 685 1624 quantum-

28 1643 109 1683 que
133 1630 331 1682 ponderis‚
356 1642 410 1669 ne
428 1629 530 1669 laedi
543 1641 687 1669 merea·

29 1688 276 1727 tut-vlterius.
339 1687 388 1726 D.

83 1745 137 1784 Vt
172 1742 212 1782 fit
241 1741 302 1781 hie
328 1739 568 1783 Trochaicus
596 1752 686 1781 cum

57 1800 146 1838 riori
180 1810 218 1839 et
254 1796 552 1851 posterioribus,
584 1797 686 1850 lege,

63 1859 112 1896 'ue
131 1857 241 1894 dum:
266 1867 417 1893 vxorem
435 1865 504 1894 etc.
560 1855 601 1893 B.

87 1917 137 1960 18
174 1911 313 1957 Mam
353 1910 518 1949 nondum
553 1908 685 1963 etiam]

26 1967 254 2011 Aaewcoe'vrnetc
303 1967 425 2007 tertia.
504 1965 686 2005 Nondum

26 2028 138 2065 etiam
165 2023 251 2062 dixi
277 2023 319 2061 id
337 2022 436 2078 quod
457 2021 577 2076 volui]
610 2028 670 2074 Ap

26 2091 137 2133 paret
164 2077 293 2119 senem
325 2078 450 2125 tarde,
495 2089 535 2118 et
564 2080 686 2131 longe

26 2137 259 2186 loquentem
297 2134 535 2186 interpellari
577 2136 684 2173 vultu

25 2188 277 2242 responsurae
297 2191 532 2232 meretricis:
564 2203 684 2241 quum

27 2248 95 2287 ille
126 2245 191 2284 fibi
212 2245 402 2285 mentium
423 2246 600 2297 praeberi
623 2259 682 2286 ve-

25 2304 84 2343 lit.
139 2302 200 2341 Sic
220 2301 402 2353 Virgilius
421 2303 597 2340 Latinum
622 2302 683 2339 in-

1339 665 1401 699 20

739 800 816 828 rem
842 785 970 842 habet]
1000 789 1103 830 Cum
1133 785 1399 834 denunciari&

740 857 794 884 ne
836 844 1257 896 pronunciandumest:
1293 843 1399 900 quafi

738 900 851 949 dicar,
869 900 955 940 Alia
968 900 1096 952 rerest.
1129 902 1178 941 D.

794 954 935 997 Versus
955 954 1064 997 causa
1088 967 1181 998 ante
1201 957 1313 998 Volui
1339 960 1398 1001 in-

741 1009 899 1052 tersere-
915 1012 975 1054 Te.
1033 1016 1076 1054 Β.

799 1136 850 1179 19
882 1123 1032 1178 Quaere
1064 1125 1176 1165 alium
1201 1124 1275 1166 tibi
1307 1129 1399 1167 ami-

739 1193 820 1220 cum
844 1177 1076 1235 firmiorem]
1108 1183 1257 1235 Magna
1275 1197 1398 1223 mora·

738 1237 823 1276 litas
845 1238 885 1275 in
906 1236 1226 1281 denunciatione.
1253 1253 1397 1291 magna

738 1294 962 1345 proprietas.
997 1291 1044 1331 iic
1078 1295 1185 1332 enim
1219 1294 1395 1345 dicimus,

735 1348 886 1404 Quere
920 1347 1001 1387 tibi.
1060 1351 1167 1402 Virg.
1197 1352 1316 1401 (Aen.
1344 1364 1396 1400 xz,

741 1406 852 1456 129.)
908 1404 1076 1456 Qnerat
1121 1404 1198 1456 fibi
1235 1405 1395 1458 foedera

743 1461 899 1500 Turnus.
956 1459 1101 1514 Quere
1127 1461 1240 1499 alium
1262 1461 1332 1500 tibi
1355 1477 1397 1500 a·

735 1519 866 1556 micum
900 1513 1124 1570 firmiorem]
1173 1516 1396 1558 Firmiorem

736 1586 808 1625 pro
833 1570 954 1611 firmo.
989 1585 1071 1610 non
1101 1573 1204 1611 enim
1242 1572 1394 1614 fimum

736 1628 915 1668 concedit
980 1625 1059 1666 effe
1113 1626 1361 1680 Pamphilum
1381 1644 1394 1670 a

734 1697 854 1736 quern
889 1683 968 1722 vult
1003 1683 1173 1737 intelligi
1211 1684 1394 1735 decepto·

737 1753 819 1780 rem
846 1737 923 1778 effe
949 1738 1168 1788 Bacchidis,
1204 1753 1284 1779 non
1315 1744 1394 1782 iam

737 1807 949 1836 amatorem
992 1795 1177 1835 stabilem.
1245 1796 1396 1850 Quaere

735 1854 846 1892 alium
873 1851 946 1891 tibi
982 1854 1135 1891 amicum
1172 1850 1392 1908 firmiorem]

736 1909 913 1949 Oratorie
943 1905 1059 1948 senex
1094 1907 1196 1959 quati
1229 1908 1395 1950 consulit

736 1965 944 2012 meretrici,
963 1978 1076 2016 quam
1105 1976 1308 2003 vocauerat
1338 1967 1393 2004 in·

735 2019 953 2060 cusandam.
1007 2020 1152 2070 Quaere
1183 2019 1314 2075 alsam]
1354 2025 1393 2063 Α

735 2075 998 2128 praesentibus
1026 2088 1064 2115 et
1093 2091 1114 2115 a
1132 2075 1283 2116 sttui-is.
1341 2078 1394 2115 A-

734 2136 864 2171 micum
893 2130 1118 2186 firmiorem]
1157 2132 1308 2173 Callide
1339 2128 1394 2170 se-

734 2201 835 2234 nex,
863 2188 965 2240 quafi
987 2190 1058 2227 iam
1083 2201 1160 2226 non
1185 2186 1390 2238 Pamphilo

734 2242 914 2291 consulat,
938 2241 998 2282 sed
1022 2243 1218 2291 Bacchidi,
1241 2247 1392 2298 Quaere

735 2301 856 2347 alium,
878 2299 983 2338 dixit.
1038 2300 1140 2337 Dum
1153 2310 1284 2349 tempu,
1309 2312 1390 2338 con-

25 2359 133 2398 ducit
152 2356 345 2395 dicentem
364 2359 480 2407 (Aen.
505 2369 577 2401 xn,
603 2359 685 2408 25.)
723 2356 872 2406 fislemlt>
893 2355 952 2406 est]
986 2352 1133 2402 Sensus,
1162 2355 1264 2392 Dum
1284 2365 1389 2393 aetas

26 2415 114 2455 sine
144 2426 196 2451 me
223 2410 307 2450 haec
325 2412 416 2450 haut
435 2411 556 2450 mollia
572 2413 678 2463 satu,

26 2468 190 2510 Sublam
231 2469 373 2519 aperire
417 2466 538 2507 dolis:
578 2469 688 2517 ltmul

29 2526 119 2565 haec
143 2526 265 2562 animo
295 2522 416 2563 hauri.
474 2527 521 2563 Et
546 2526 592 2563 ad
620 2538 684 2576 po·

29 2579 208 2621 ssremum
237 2579 438 2618 de'l‘urno
465 2581 584 2630 (nen.
612 2594 684 2629 χιι,

30 2651 57 2689 4
86 2641 117 2690 .)
161 2637 211 2675 Vt
235 2638 395 2688 primum
420 2636 510 2686 fari
539 2639 678 2687 ponat,

93 2694 226 2746 incipit
243 2704 318 2731 ore.
370 2690 444 2731 Hic
475 2703 566 2732 nunc
592 2706 684 2733 vxo-

737 2414 775 2449 in
801 2412 894 2450 flore
921 2409 1039 2462 poiita
1061 2410 1134 2459 est,
1161 2410 1278 2449 facies
1300 2423 1391 2450 ven·

735 2467 861 2505 dibilis
881 2469 997 2506 enam
1019 2479 1120 2505 nunc
1139 2465 1202 2504 est.
1262 2468 1312 2506 Et
1331 2479 1389 2504 or·

734 2524 796 2570 do,
820 2526 919 2563 Dum
941 2535 1091 2573 tempus
1118 2521 1171 2561 est
1191 2519 1390 2560 consulen-

734 2579 772 2617 di
810 2577 891 2617 tibi.
934 2589 973 2617 et
999 2577 1055 2620 bis
1081 2575 1390 2618 subaudiendum

733 2635 787 2674 est
810 2633 909 2673 Tibi.
967 2637 1018 2676 D.

788 2692 890 2734 Cum
919 2689 1055 2730 Faemi
1095 2688 1186 2729 libri
1217 2689 1391 2730 Amicum

843 2752 911 2791 Aa
939 2758 966 2788 2
1306 2756 1390 2784 non
