1875 3292
371 183 471 247 576

755 173 914 224 AcT.
952 176 1007 222 V.
1045 175 1242 223 SCEN.
1273 175 1364 223 VII.

506 312 757 370 Argentum
777 304 951 352 rursum
978 303 1081 352 iube
1103 302 1290 360 rescribi,
1314 303 1540 351 Phormio.

413 402 478 454 30
516 383 614 434 PH.
661 382 856 437 Quodne
890 398 975 443 ego
1003 379 1228 447 perscripsi
1260 398 1398 447 porro
1433 382 1541 434 illis,
1592 376 1752 445 quibus
1823 388 1827 393 ‘

609 459 773 506 debui?

509 534 558 584 D
575 548 617 582 Ε.
657 534 779 590 Quid
800 535 934 596 igitur
954 531 1063 582 fiet?
1087 530 1122 580 P
1135 546 1184 580 Η.
1215 530 1246 578 fi
1260 534 1323 580 vis
1336 532 1446 580 mihi
1461 548 1639 579 vxorem
1653 531 1755 579 dare

509 615 660 666 Quam
681 610 954 676 despondisti,
977 610 1156 657 ducam:
1195 607 1256 656 fi'n
1282 607 1342 655 est
1363 620 1409 657 vt
1429 609 1533 656 velis

510 691 698 736 Manere
719 688 835 734 illam
857 686 974 753 apud
996 698 1053 741 te,
1075 686 1153 734 dos
1176 685 1248 733 hic
1271 683 1420 734 ¹omnis
1443 695 1626 758 maneat,
1663 688 1756 732 De-

612 764 784 828 mipho.

508 844 633 889 Nam
651 857 744 890 non
768 836 831 888 est
855 856 1045 906 aequom
1068 856 1140 888 me
1163 849 1351 907 propter
1371 855 1449 888 vos
1470 837 1636 904 decipi:

433 1077 488 1119 29
539 1059 630 1102 Iube
680 1060 828 1114 mrficm
875 1060 1039 1116 rescribi,

378 1121 576 1175 Phormio]
605 1118 789 1172 Refir'l’in.
815 1120 945 1170 reddi,
975 1117 1040 1159 seu

375 1192 452 1233 per
490 1173 647 1217 mensae
684 1174 907 1230 scripturam
945 1176 1040 1218 dari.

377 1235 472 1277 Iube
490 1232 661 1288 rescribi]
695 1236 892 1286 Quoniam
910 1233 956 1272 ad
972 1245 1043 1271 nu-

376 1293 638 1334 merationem
673 1291 865 1344 pecuniae
890 1299 1040 1330 antece·

377 1349 434 1389 dit
454 1347 648 1400 scriptura.
707 1344 918 1401 Rescrihere
937 1346 1040 1386 dice-

375 1405 485 1452 bant,
514 1418 585 1457 pro
606 1416 870 1444 renumerare.
929 1407 976 1444 Et
994 1401 1042 1442 {ic

379 1462 512 1511 infert,
532 1462 612 1501 Nae
632 1474 697 1516 ego
713 1458 920 1514 perfiripst
925 1472 1041 1514 porro

379 1521 453 1560 illis
472 1517 606 1573 quIbus
626 1517 748 1557 debui.
769 1563 772 1566 ,
803 1520 910 1558 Haec
923 1516 977 1557 est
989 1529 1044 1556 er-

379 1590 431 1630 go
452 1575 592 1628 figura,
616 1576 657 1613 in
680 1588 754 1626 qua
770 1570 976 1614 secundam
992 1571 1043 1612 de

379 1634 513 1686 primis
542 1629 841 1683 fignificantiam
876 1628 1041 1669 sumunt.

381 1687 484 1729 Iube}
503 1686 670 1740 rescribi]
707 1690 778 1726 Per
807 1685 1041 1736 scripturam,

380 1744 421 1785 id
443 1743 505 1790 est,
536 1743 587 1782 de
606 1739 763 1781 mensae
783 1739 962 1793 scriptura
981 1739 1043 1778 da-

381 1804 422 1843 ri.
463 1799 568 1839 vnde
595 1798 719 1838 hodie
745 1798 897 1837 additur
925 1796 1047 1836 chiro-

382 1855 552 1913 graphis‚
573 1856 699 1895 Domo
720 1869 767 1894 ex
786 1869 870 1894 arca
885 1853 968 1906 sua,
986 1855 1047 1895 vel

379 1930 428 1956 ex
446 1911 802 1965 metfiiefiriptmu.
859 1914 908 1952 D.

442 1968 530 2011 Iube
559 1966 732 2023 refiribi]
766 1969 968 2019 Quoniam
989 1981 1044 2007 ar-

383 2028 494 2083 genti
523 2026 673 2076 accepti
707 2039 825 2077 opera
862 2039 930 2076 per
961 2023 1046 2064 scri-

383 2095 536 2138 pturam
556 2080 682 2129 fiebat,
713 2095 814 2134 quae
835 2081 1044 2121 vocabatur

383 2137 688 2192 chirographum
701 2168 710 2185 ‚
740 2139 828 2178 ideo
847 2141 898 2178 ait
918 2137 1045 2190 rqfiri-

381 2196 433 2246 hi,
464 2195 568 2247 quod
591 2193 644 2233 est
664 2196 915 2234 remunerari.
947 2199 988 2236 E.

441 2255 651 2312 Argentum
693 2252 840 2301 rursiam
873 2251 958 2290 iube
992 2264 1043 2290 re·

372 2308 516 2361 firtln]
548 2312 684 2348 llorat.
707 2314 827 2362 Satyr.
852 2322 894 2356 ιι,
918 2321 952 2362 3,
972 2319 1039 2360 75.

387 2368 565 2405 Putimus
586 2364 701 2403 multo
720 2365 901 2404 cerebrum
913 2365 969 2417 est,
982 2367 1045 2403 mi-

386 2423 426 2461 hi
444 2423 560 2467 crede,
583 2420 710 2460 Perilli
737 2421 1048 2475 Dic'tmms,qu⁰d

386 2491 427 2516 tu
464 2491 652 2530 nunquam
691 2478 884 2527 rcffitrihcrc
922 2476 1044 2532 poffis.

388 2533 463 2573 Vbi
506 2547 543 2572 ct
582 2533 643 2572 iiic
671 2537 850 2575 Terentii
891 2537 995 2574 locus
1023 2549 1046 2574 a

384 2589 801 2631 Scholiastelaudatur.
859 2595 900 2633 I..

438 2649 499 2686 De
529 2645 672 2696 duplici
704 2650 894 2698 pecuniae
919 2648 1027 2686 loca...

387 2702 462 2742 dae
489 2712 530 2741 et
559 2699 770 2745 soluendae
786 2707 938 2746 ratione
959 2703 1047 2746 ride

1694 929 1832 1001 35¹

1090 1059 1356 1115 Lindenbrog.
1389 1060 1429 1100 in
1458 1057 1679 1101 Obseruatt.
1707 1057 1756 1098 ad

1091 1121 1234 1160 Donat.
1254 1119 1369 1158 Adel.
1393 1131 1440 1163 11,
1473 1130 1511 1169 4,
1543 1115 1759 1169 13.etvbe·

1092 1177 1169 1214 rius
1198 1172 1349 1215 Salmas.
1377 1174 1429 1214 de
1456 1177 1635 1215 Foenore
1666 1175 1758 1214 ‘I'ra-

1093 1233 1275 1286 pezitico.
1335 1232 1378 1270 Z.

1147 1357 1200 1398 30
1229 1345 1315 1385 Nae
1334 1357 1400 1400 ego
1416 1342 1632 1398 perfiripst]
1653 1343 1757 1384 Mul-

1094 1401 1141 1441 tis
1159 1415 1229 1453 per
1251 1400 1471 1452 scripturam
1485 1402 1649 1446 reddidi,
1663 1401 1759 1439 mul-

1093 1459 1142 1497 tis
1169 1458 1286 1506 dedi3
1320 1469 1357 1498 vt
1391 1458 1496 1510 apud
1529 1460 1754 1512 Virg.(v11.

1098 1518 1215 1568 144.)
1245 1516 1410 1555 Diditur
1438 1514 1497 1554 hic
1515 1516 1646 1566 subito
1669 1513 1755 1552 Tro-

1094 1573 1181 1611 iana
1197 1584 1263 1622 per
1282 1575 1428 1626 agmina
1452 1585 1588 1610 rumor.
1650 1572 1696 1608 D.

1149 1627 1273 1668 Nostri
1292 1626 1504 1680 Perfirt'pst}
1518 1630 1543 1666 1³
1546 1627 1653 1666 aerni
1668 1625 1756 1665 libri

1093 1681 1303 1733 Descripfi1
1344 1682 1407 1721 sed
1444 1685 1546 1723 recffe
1587 1682 1755 1733 praefert
1820 1682 1827 1698 ‘

1092 1741 1264 1778 Faernus
1315 1739 1495 1778 Bembini
1547 1738 1756 1792 Discmpfik

1096 1795 1187 1846 quia
1210 1796 1404 1839 Donatus,
1433 1797 1485 1835 vti
1507 1809 1554 1834 ex
1575 1797 1759 1849 Virgilia-

1095 1865 1150 1890 no
1170 1852 1332 1892 Diditur
1351 1864 1468 1904 patet,
1502 1852 1604 1892 idem
1625 1850 1758 1905 legisse

1095 1907 1255 1950 videtur.
1287 1912 1324 1949 B.
1384 1911 1423 1950 Si
1454 1909 1534 1957 post
1553 1909 1670 1960 Quod
1691 1922 1758 1948 no-

1095 1975 1171 2004 tam
1206 1967 1524 2019 interrogationis
1560 1963 1757 2019 posueris;

1094 2021 1191 2061 illud
1216 2022 1276 2062 Ne
1306 2019 1548 2062 scribendum
1580 2022 1633 2060 est
1657 2022 1755 2061 Nae.

1095 2079 1171 2118 Sed
1201 2080 1367 2132 vulgaris
1395 2081 1487 2118 ratio
1522 2078 1758 2131 indignatio·

1095 2136 1136 2173 ni
1155 2133 1396 2175 Phormionis
1414 2136 1536 2189 magis
1556 2136 1756 2175 conuenit.

1095 2195 1304 2234 Caeterum
1326 2192 1448 2231 Porro
1471 2191 1615 2231 videtur
1635 2191 1695 2231 hic
1714 2189 1758 2231 fi-

1095 2249 1191 2302 gnif.
1209 2249 1445 2300 Statimpost,
1468 2262 1625 2300 nempe,
1647 2261 1758 2301 quam
1816 2283 1820 2290 ,

1094 2319 1116 2343 a
1134 2306 1238 2346 vobis
1260 2308 1379 2357 accepi
1391 2322 1404 2343 .·
1436 2317 1473 2344 vt
1495 2308 1592 2345 Eun.
1614 2319 1685 2350 ιιι,
1716 2317 1754 2358 3,

1097 2376 1162 2404 22.
1196 2362 1376 2409 Adel.1v‚
1397 2373 1433 2409 2,
1455 2368 1490 2412 8.
1519 2361 1631 2403 Phor.
1652 2375 1694 2412 v,
1721 2373 1754 2412 1,

1101 2431 1164 2475 19.
1216 2421 1259 2459 Z.

1152 2542 1202 2585 33
1242 2532 1314 2571 Hic
1334 2531 1499 2585 tannem]
1530 2534 1579 2574 V.
1601 2531 1648 2574 C.
1680 2530 1753 2571 Hic

1093 2592 1209 2630 omni··
1232 2603 1387 2628 nuntient.
1445 2592 1482 2628 1..

1154 2646 1251 2685 Illud
1267 2648 1395 2684 Omms
1416 2660 1434 2683 a
1446 2649 1602 2692 ramim,
1627 2642 1752 2684 Bentl.

1097 2715 1136 2744 et
1151 2704 1233 2744 aliis
1255 2716 1342 2744 non
1359 2701 1510 2745 editum
1527 2700 1592 2742 est.
1649 2704 1690 2743 Z.
