1859 3196
655 223 953 271 HECYRA.

1373 233 1468 282 347

138 371 200 420 30
236 351 333 403 So.
368 356 426 401 Et
458 353 566 400 mihi
596 353 801 416 quidem!
839 368 940 400 nam
966 350 1074 397 haec
1101 365 1172 396 res
1201 365 1295 398 non
1324 349 1474 396 minus

336 447 410 477 me
430 430 541 477 male
567 430 710 484 habet,
733 445 864 494 quam
886 438 942 481 te,
967 433 1096 488 gnate
1116 428 1192 475 mi.

174 553 480 630 A'c‘rvs
529 575 892 646 QVARTI
951 572 1247 625 scENA
1302 571 1403 623 111.

134 678 138 682 '
323 668 542 710 LACHES.
597 667 883 708 SOSTRATA.
937 663 1250 705 PAMPHILVS.

107 799 227 917 G
243 826 272 854 v
292 826 316 853 E
338 825 375 852 M
420 823 520 854 cum
545 803 651 852 istoc
672 804 916 852 sermonem
936 802 1166 852 habueris,
1198 796 1355 868 procul
1379 801 1484 850 hinc

365 881 477 929 stans
499 884 658 946 accepi,
682 898 813 928 vxor:
879 938 883 940 ἡ

245 957 360 1007 Istuc
384 956 444 1004 est
465 958 625 1022 sapere,
655 958 745 1019 qui,
767 955 1018 1021 vbicunque
1042 970 1156 1020 opus
1178 951 1254 1008 fit,
1286 955 1485 1001 animum

342 1031 472 1101 poffis
498 1030 703 1089 flestere3

117 1255 212 1301 mihi
225 1255 262 1310 l]
291 1253 400 1296 Nihil
418 1255 546 1307 potuit
570 1266 782 1306 prorerum

121 1314 307 1365 qualitate
345 1309 604 1364 respondere²
641 1310 711 1351 nisi
739 1321 782 1350 vt

118 1367 406 1421 ingemisceret.
461 1368 512 1408 D.

142 1455 157 1468 Α.
174 1424 299 1465 Nostri
328 1424 493 1463 Reduce:
520 1421 586 1462 sed
613 1425 781 1462 Faernus

123 1480 248 1519 edidit
276 1480 408 1519 Reduc.
466 1483 570 1519 Tum
593 1491 646 1518 ne
677 1479 783 1517 Veni-

123 1551 184 1576 am
207 1538 247 1575 in
270 1535 386 1575 Thes}
406 1545 531 1574 totum
561 1536 700 1581 lateat,
730 1535 784 1574 le-

124 1606 187 1647 ge,
217 1595 278 1632 Mi
290 1593 416 1646 gndze,
435 1591 482 1631 da
501 1593 552 1630 mi
572 1591 666 1630 hanc
683 1592 784 1630 ve‘ni·

128 1664 200 1698 am,
219 1649 352 1687 redduc
371 1658 442 1688 etc.
500 1651 543 1688 Β.

184 1717 237 1757 30
272 1704 323 1743 Et
350 1702 443 1742 mihi
466 1703 630 1756 quidem]
667 1698 788 1748 Χχθος.

129 1761 224 1813 quid
243 1763 361 1807 enim,
385 1759 435 1799 Et
451 1759 567 1800 mihi?
596 1772 646 1798 an
672 1762 703 1798 ei
721 1762 790 1812 (an

130 1821 162 1858 ei
189 1817 302 1857 mihi?
334 1819 433 1855 Nam
463 1818 495 1854 ei
523 1815 578 1855 est
610 1815 667 1854 hei
695 1815 790 1866 Z.)?

132 1874 251 1914 multa
262 1873 306 1913 lic
320 1875 358 1911 in
371 1870 433 1911 vsu
447 1872 575 1911 nostro
590 1869 684 1912 sunt.
712 1874 764 1912 D.

195 1942 213 1971 1
250 1934 371 1985 Quem
393 1942 472 1967 cum
490 1928 575 1979 istoc
587 1928 794 1979 strmonem

133 1984 321 2032 habueris]
349 1989 392 2025 ln
419 1985 493 2023 hoc
519 1985 716 2035 colloquio
738 1997 791 2023 re-

133 2043 352 2082 conciliatio
371 2039 514 2090 -senum
535 2039 588 2080 est
606 2041 687 2092 post
715 2041 793 2078 iur-

135 2099 252 2152 gium,
281 2098 387 2137 mista
407 2095 669 2150 disputatione
688 2098 797 2135 Pam-

135 2154 232 2207 phili
250 2154 301 2194 de
319 2167 398 2193 non
419 2153 642 2193 reducenda
663 2165 794 2191 vxore.

136 2211 294 2263 Procul]
322 2211 468 2257 Procul,
499 2222 604 2248 nune
622 2211 713 2260 (non
733 2210 795 2259 Z.)

140 2278 274 2318 prope.
313 2266 517 2316 Hincstans
526 2268 656 2316 accepi,
673 2264 795 2317 vxor]

141 2324 283 2373 Accepi.
300 2321 442 2360 audiui.
489 2324 535 2361 Et
554 2320 671 2359 modo
686 2322 799 2366 onr,

143 2390 236 2417 ante
256 2377 424 2415 Mulier.-
455 2387 494 2415 et
515 2376 564 2416 de
586 2388 716 2425 vxore,
742 2375 801 2416 Di

145 2434 241 2473 mala
265 2431 495 2483 prohibeant.
556 2437 608 2474 D.

202 2489 321 2542 Qum
354 2502 433 2527 cum
461 2487 549 2540 istoc
569 2486 800 2541 firmonem]

146 2549 259 2587 Pater
280 2544 462 2596 Pamphili
487 2557 567 2584 non
595 2545 717 2597 longe
736 2558 803 2596 po-

148 2603 235 2641 litus
254 2601 408 2647 audiuit,
429 2600 532 2651 quod
556 2614 651 2640 vxor
668 2603 802 2652 loque-

149 2657 269 2697 batur.
326 2657 496 2708 Impellit
539 2657 726 2708 amplius,
763 2666 804 2695 vt

148 2713 239 2752 istuc
261 2713 458 2753 confilium
483 2710 735 2764 perseueret,
766 2723 805 2752 vt

146 2769 371 2810 deliberatio
393 2780 468 2810 tota
488 2768 665 2821 pellatur.
704 2772 749 2810 E.

1351 1103 1489 1160 Quod

882 1255 958 1294 Pro
985 1253 1086 1294 Hinc
1123 1261 1201 1292 tres
1227 1249 1355 1293 Codd.
1384 1249 1490 1290 reite

829 1311 923 1351 Hic:
948 1320 988 1351 et
1006 1311 1101 1365 lege
1116 1308 1265 1360 Astans,
1286 1317 1325 1347 vt
1347 1308 1490 1346 Heaut.

829 1379 869 1417 v,
891 1380 930 1413 2,
951 1379 993 1420 7.
1046 1369 1089 1407 Β.

885 1491 912 1519 2
942 1476 1038 1528 Istuc
1061 1475 1111 1527 est
1128 1475 1272 1529 fizpere]
1310 1473 1353 1514 τδ
1383 1472 1491 1526 Istuc,

834 1534 1045 1585 exceptiue
1070 1533 1235 1572 diflrim:
1275 1530 1376 1583 quali
1413 1543 1495 1570 cae-

835 1601 916 1629 tera
936 1589 1050 1629 stulte
1065 1588 1214 1629 fecerit.
1239 1599 1277 1628 et
1299 1587 1408 1626 fimul
1426 1586 1498 1625 sto·

834 1645 1016 1685 maehum
1048 1646 1214 1694 tetinet,
1252 1657 1333 1696 quo
1364 1656 1497 1694 repre-

835 1701 983 1741 hendat
1001 1712 1164 1743 caetera⁸
1220 1699 1319 1756 φή,
1344 1699 1500 1739 vbicun-

838 1771 909 1812 que
926 1769 1016 1811 opus
1033 1757 1098 1812 [tt]
1128 1756 1206 1809 Qti
1226 1771 1294 1810 pro
1316 1769 1419 1810 quae,
1438 1756 1499 1794 in-

842 1814 996 1854 terdum
1031 1814 1205 1853 abundat
1233 1816 1385 1865 (Forte,
1419 1811 1499 1866 Qu*

835 1884 908 1925 pro
942 1870 1148 1926 Qomodq.
1206 1870 1259 1910 Et
1285 1869 1409 1909 Modo
1444 1872 1501 1907 in·

841 1927 985 1968 tercium
1001 1926 1177 1967 abundat.
1235 1927 1405 1966 Cei-rein
1426 1923 1499 1965 Ms.

843 1989 885 2025 Β.
913 1996 954 2023 et
981 1994 1071 2023 vett.
1099 1982 1195 2024 Edd.
1222 1981 1307 2035 post
1335 1983 1414 2022 Pro
1446 1979 1503 2019 est

844 2042 995 2089 lacuna,
1017 2038 1210 2080 Westerh.
1231 2039 1397 2078 auftore.
1426 2039 1501 2089 Z.).

846 2099 1022 2137 Animum
1045 2094 1153 2149 poffis
1176 2092 1339 2146 flec‘tere]
1376 2092 1502 2134 Modo

845 2167 928 2192 non
947 2153 1118 2191 alienum
1138 2152 1331 2196 animum,
1363 2148 1427 2189 sed
1449 2146 1503 2187 su-

845 2223 912 2248 um
938 2209 1105 2248 fleetere.
1165 2212 1215 2248 Et
1245 2206 1349 2245 vnde
1378 2205 1506 2245 fleSle·

846 2267 916 2306 re?
945 2279 966 2303 a
983 2265 1114 2317 iurgio
1132 2264 1180 2302 ad
1200 2262 1434 2309 modestiam,
1455 2272 1506 2298 ex

849 2320 1095 2360 concessione
1116 2317 1355 2371 (modestiam,
1376 2330 1410 2356 et
1425 2329 1508 2354 con-

851 2374 1054 2429 ccffionem)
1076 2389 1124 2415 ex
1142 2375 1273 2413 domo.
1332 2375 1508 2413 Animum

842 2431 1007 2484 flec'lere]
1046 2431 1105 2473 Ad
1146 2430 1218 2469 hoc
1246 2429 1402 2470 Flec'tere
1431 2431 1508 2469 tmi-

851 2502 947 2527 mum
977 2488 1096 2535 dixit,
1138 2498 1177 2525 vt
1203 2485 1424 2526 ostenderet
1454 2497 1509 2524 ne

852 2557 959 2584 nunc
991 2543 1147 2598 quidem
1176 2554 1378 2595 purgatam
1406 2540 1509 2594 apud

853 2599 891 2639 se
909 2599 1113 2641 Sostratam
1133 2598 1184 2638 de
1205 2599 1411 2651 praeterita
1431 2598 1515 2636 enl-

853 2671 915 2710 pa.
971 2658 1020 2696 D.

909 2711 1004 2766 Istuc
1030 2710 1078 2765 cst
1093 2707 1243 2768 stipere]
1277 2711 1434 2753 Alexis:
1471 2717 1510 2756 ει

1475 2772 1480 2775 ⁴
1499 2766 1510 2780 Κ

1461 2784 1508 2813 μη
