1875 3244
677 211 974 258 HECYRA.

1395 225 1487 276 257

252 344 493 388 Horunce:
531 354 580 386 ea
602 339 654 386 ad
675 340 757 387 hos
779 338 951 403 redibat*
967 337 1065 397 lege
1083 333 1316 385 hereditas.

249 419 316 463 Eo
337 426 554 463 amantem
583 418 774 463 inuitum
797 413 1074 479 Pamphilum
1101 412 1288 460 extrudit
1309 423 1449 479 pater.

245 492 471 555 Relinquit
488 509 591 539 cum
612 503 750 539 matre
771 492 842 539 hic
865 505 1064 537 vxorem:
1101 505 1204 535 nam
1233 488 1359 536 senex

120 584 212 616 100
243 570 334 613 Rus
359 567 524 615 abdidit
544 568 607 616 se:
646 568 735 615 huc
758 583 858 615 raro
880 567 928 612 in
947 564 1101 613 vrbem
1123 576 1353 616 commeat.

335 731 356 745 '⁷

109 787 298 839 mox-itur,
336 799 401 828 aut
438 786 568 830 senex.
632 789 690 829 Ita
719 799 770 828 ex

108 842 328 883 huiusmodi
363 845 569 895 mortibus,
612 846 677 885 vel
714 845 768 893 ‘'n-

108 901 355 940 commodum
377 902 526 950 vitatur,
544 901 607 942 vel
620 902 768 940 lucrum

107 954 265 1008 iusuper
284 954 457 1009 nascitur,
478 968 518 998 vt
535 969 620 998 non
632 956 771 997 fitcau-

106 1010 144 1053 sa
165 1012 341 1066 lugendi.
395 1017 446 1056 D.

160 1080 215 1123 97
245 1069 421 1124 Horum]
444 1070 590 1112 Maluit
608 1069 768 1120 Horum,

108 1139 222 1178 quam
247 1124 503 1175 Dominarum,
526 1127 668 1167 dicere.
706 1127 770 1167 Ad

107 1182 171 1221 lms
192 1181 336 1222 redibat
354 1182 430 1238 lege
452 1182 655 1232 hereditas]
673 1185 769 1222 Ver·

108 1237 158 1276 bo
188 1239 280 1277 iuris
304 1235 386 1285 rsus
416 1238 491 1284 est:
519 1253 565 1280 ea
591 1240 700 1278 enim
719 1239 770 1278 le-

107 1295 246 1348 gitima
265 1294 319 1349 est
337 1293 553 1344 hereditas,
591 1308 693 1347 quae
714 1294 770 1334 fa-

105 1351 238 1391 miliae
265 1350 492 1392 debebatur.
546 1354 598 1394 D.

162 1407 265 1447 Cum
301 1406 513 1448 Bembinus
550 1409 656 1460 legat
690 1405 770 1446 hoc

105 1461 269 1512 ordine,
307 1464 370 1504 Ad
387 1462 454 1504 hos
471 1477 533 1512 ea,
571 1476 609 1504 et
630 1476 679 1502 ex
699 1477 766 1502 no·

103 1519 188 1558 stris
207 1520 284 1559 duo
296 1518 467 1559 habeant
484 1519 638 1562 Rediit;
666 1518 768 1560 hanc

107 1576 320 1616 leffionem
342 1576 655 1629 amplettendam
679 1588 769 1614 cen-

103 1629 181 1674 seo.
209 1630 269 1673 Cf.
288 1632 392 1672 And.
411 1645 472 1684 lv,
492 1644 528 1685 5,
543 1644 584 1684 4.
644 1633 686 1671 B.

159 1695 213 1748 98
245 1689 302 1727 Eo
321 1685 672 1743 amantemJModo
688 1686 766 1731 iam

103 1756 286 1784 vxoremt
322 1757 404 1793 non
451 1756 559 1790 emm
589 1754 764 1783 ammam.

50 1811 52 1816 '
103 1800 274 1842 Inuitum
285 1796 765 1854 Pamphilumextmditpa-

104 1857 189 1913 ter]-
207 1857 375 1898 Inuitum
393 1852 581 1897 receffisse
600 1856 656 1894 via
681 1867 764 1894 ver-

104 1912 143 1951 bi
176 1911 414 1953 demonstrat
479 1916 580 1955 Nam
607 1913 766 1965 proprie

104 1969 315 2010 Extrudere
334 1968 485 2017 dieitur,
504 1969 573 2021 qui
583 1968 764 2008 manibus

106 2025 289 2076 expellit:
319 2021 386 2066 sed
414 2025 477 2066 hic
504 2022 765 2066 translatione

104 2079 189 2120 vsus
207 2079 272 2130 est,
302 2093 339 2130 vt
358 2081 593 2130 ostenderet,
613 2092 764 2122 tantum

33 2175 35 2178 .
104 2138 407 2200 iniportunitatis
434 2138 561 2179 verbis
586 2135 687 2178 senis
704 2137 765 2178 fu-

105 2191 187 2242 isse,
208 2204 393 2244 quantum
411 2194 586 2248 impullio
605 2206 765 2235 manum

107 2244 267 2290 efficere
301 2248 495 2301 potuisset,
557 2250 764 2306 Extrudit]

29 2306 38 2312 “
107 2305 280 2346 Verbum
301 2307 524 2365 neceffitatis
544 2305 681 2359 (West.
702 2306 765 2345 ad-

107 2361 185 2410 dit,
232 2373 265 2398 et
303 2374 427 2414 aptum
464 2363 761 2416 importunitati.

163 2473 218 2512 Eo
244 2485 432 2512 amantem·
445 2474 676 2528 Pamphilum
703 2489 766 2514 ex-

109 2528 227 2568 cludit
263 2529 393 2583 pater]
431 2532 625 2571 Amanum
661 2544 766 2570 nnnc

108 2583 247 2626 scilicet
273 2597 450 2634 onrem,
488 2600 567 2625 non
594 2589 767 2628 mereni-

111 2636 207 2689 cerh,
229 2653 344 2692 quam
361 2641 437 2680 iam
451 2642 668 2694 reliquerat.
695 2647 737 2684 E.

162 2709 216 2751 99
248 2695 453 2752 Relinquit]
482 2699 625 2739 luen-tia
653 2695 766 2752 prae-

111 2751 191 2792 Ter.
204 2753 245 2793 C.
266 2752 309 2793 P.
326 2752 375 2792 II.

1378 639 1478 691 ΡΗ.

817 784 936 827 sentis
975 785 1173 838 temporis.

818 843 994 897 Reliquit.
1055 842 1245 895 Relinquit
1264 854 1340 881 cum
1358 856 1478 883 matre

1242 785 1402 838 Legitur
1439 797 1479 828 et

801 897 878 940 “hic
916 897 1094 952 vxorem]
1142 894 1386 949 praeparatio
1426 899 1477 940 ad
1537 936 1542 943 ,

817 954 991 996 futurum
1009 967 1191 994 errorem.
1245 956 1295 994 D.

869 1012 1062 1067 Relinquit
1080 1024 1164 1050 cum
1181 1007 1313 1056 matre]
1345 1007 1418 1054 ΜΓ.
1430 1013 1474 1053 R.
1520 1060 1523 1061 ⁷

818 1078 860 1109 et
877 1071 923 1111 V.
945 1068 997 1110 C.“
1025 1067 1189 1119 reliquit.
1244 1069 1286 1107 L.

872 1119 982 1178 Lege
1001 1123 1170 1177 Reliquit
1188 1120 1246 1161 hic
1258 1135 1336 1162 cum
1349 1123 1474 1164 matre

817 1195 981 1221 vxorem.
1052 1182 1153 1220 Nam
1192 1191 1328 1218 omnes
1354 1180 1474 1220 nostri

818 1238 992 1290 Reliquit.
1057 1239 1109 1277 Et
1146 1234 1224 1274 duo
1260 1248 1309 1275 ex
1339 1236 1475 1276 nostris

819 1293 959 1347 optimi
986 1291 1100 1331 illum
1130 1290 1309 1330 ordinem
1339 1291 1476 1330 verbo-

816 1363 904 1389 rum
941 1347 1103 1389 habent.
1157 1347 1319 1398 Alioqui
1341 1349 1477 1388 Matre

817 1406 921 1446 male
940 1405 984 1445 in
999 1403 1116 1445 Thefi
1133 1404 1330 1457 mergitur.
1374 1407 1418 1446 Β.

874 1528 953 1558 100
982 1516 1083 1556 Nam
1098 1513 1218 1566 senex
1242 1527 1307 1554 rus
1327 1513 1474 1556 abdidit

807 1572 870 1628 fi]
897 1573 1001 1614 Nam
1021 1571 1084 1611 hic
1103 1571 1299 1623 inceptiua
1314 1572 1476 1622 particu-

816 1631 854 1668 la
869 1628 935 1668 est.
966 1638 1014 1677 vt,
1033 1628 1135 1667 Nam
1155 1640 1254 1666 meus
1275 1627 1476 1678 conseruat·

816 1683 864 1737 est
903 1683 1008 1725 homo
1051 1682 1140 1723 haut
1177 1685 1307 1738 magni
1341 1685 1472 1735 pretii.

811 1741 968 1783 Plautus
995 1740 1037 1778 in
1057 1740 1187 1780 Milite
1215 1738 1381 1792 glorioso
1401 1741 1475 1794 (11,

817 1809 851 1846 1,
871 1798 968 1850 67.).
1023 1796 1104 1835 Rus
1120 1795 1270 1835 abdidit
1280 1795 1342 1846 fi]
1373 1799 1474 1838 Ver-

812 1851 926 1893 bum⁴
951 1851 1278 1905 reprehendentis
1315 1849 1472 1892 senem:

813 1908 920 1962 quod
949 1910 996 1949 Se
1019 1907 1187 1956 abdidit,
1219 1908 1328 1947 dixit.
1384 1908 1473 1948 Huc:

814 1980 903 2008 raro
931 1967 971 2004 in
1000 1963 1127 2004 vrbem
1153 1963 1344 2017 commeat]
1383 1965 1471 2005 Huc

813 2022 921 2063 bene
943 2021 1051 2070 dixit,
1071 2033 1111 2061 vt
1130 2019 1302 2060 ostendat
1320 2024 1473 2060 Parme-

815 2091 963 2120 nonem
981 2079 1023 2117 in
1044 2077 1136 2117 vrbe
1155 2075 1246 2118 effe.
1303 2077 1403 2117 Mira
1425 2081 1474 2114 οῖ-

814 2141 956 2182 κονομία.
987 2133 1046 2174 sae
1077 2134 1180 2173 enim
1214 2129 1470 2185 praesentem,

815 2203 855 2234 et
881 2191 1007 2232 nullus
1031 2203 1137 2230 error
1166 2190 1206 2227 in
1233 2187 1376 2228 Fabula
1404 2186 1472 2227 est.

815 2247 1019 2300 Commeat]
1053 2248 1258 2287 Cotnmeare
1287 2243 1340 2282 est
1369 2240 1474 2282 abes-

813 2303 852 2345 se
879 2297 1086 2351 indesvbi
1116 2312 1154 2340 te
1183 2298 1260 2339 ess'e
1278 2308 1469 2350 oporteat.

813 2365 920 2413 Ergo
940 2359 1012 2397 hoc
1031 2358 1133 2397 dieto
1156 2356 1333 2402 ostendit,
1353 2367 1472 2406 quam

814 2430 899 2456 raro
930 2414 976 2453 ad
1006 2414 1141 2452 vrbem
1176 2413 1307 2450 veniat
1340 2408 1469 2449 senex.

815 2473 964 2525 quippe
993 2470 1225 2509 commeatus
1251 2466 1303 2507 est
1332 2480 1381 2506 ex
1406 2466 1472 2505 ali·

816 2542 893 2580 qua
921 2525 1229 2565 commoratione
1249 2522 1472 2575 temporalis

814 2580 1013 2624 abscessus.
1071 2583 1120 2621 D.

871 2638 997 2680 Nostri
1032 2648 1168 2676 omnes
1200 2633 1293 2687 Sfi’.

816 2709 881 2748 ne,
899 2696 979 2736 Rus
999 2691 1102 2735 abdit
1113 2691 1204 2748 fifi-
1260 2694 1303 2731 B.

1348 2637 1476 2686 Repo-
