1875 3308
673 180 970 227 ADELPH.

1389 198 1473 252 Δ41

244 300 341 352 SA.
379 307 421 353 O
466 307 696 355 hominem
738 303 991 373 impurum!
1045 306 1191 354 hicine
1235 307 1479 360 libertatem

342 383 465 429 aiunt
492 401 670 447 aequam
701 382 784 430 effe
808 384 1045 431 omnibus'.>

145 470 210 520 30
246 451 288 501 A
303 469 345 502 Ε.
387 461 430 505 Si
452 459 542 506 satis
565 462 650 506 iam
672 456 955 506 debacchatus
977 477 1047 513 es,
1080 459 1197 512 leno,
1235 460 1336 507 audi
1357 459 1387 507 fi
1410 465 1474 511 vis

340 550 459 580 nunc
492 537 590 582 iam.

240 605 331 657 SA.
369 604 513 670 Egon'
536 610 818 659 debacchatus
843 611 935 659 sum
960 621 1118 664 autem,
1150 629 1204 658 an
1227 622 1276 660 tu
1295 614 1342 661 in
1366 614 1473 661 me?

338 682 440 734 ΑΕ.
478 689 601 733 mitte
623 685 710 740 ista,
734 699 863 751 atque
887 686 940 733 ad
961 704 1056 733 rem
1081 688 1191 735 redi.

239 755 329 809 SA.
361 764 505 815 Quam
529 762 653 808 rem?
674 780 764 825 quo
788 759 997 814 redeam?
1033 763 1126 810 ΑΕ.
1164 766 1308 812 iamne
1324 782 1394 812 me
1405 767 1470 815 vis

337 835 491 890 dicere,
513 837 632 901 quod
655 838 707 885 ad
731 850 773 885 te
797 836 979 887 attinet?

236 908 332 958 SA.
375 915 543 978 Cupio:
582 917 708 977 aequi
740 914 875 961 modo
911 913 1090 977 aliquid.
1127 912 1235 965 AE-
1267 915 1375 964 vah!
1411 918 1471 964 le-

331 1005 393 1036 no
413 990 564 1054 iniqua
584 1007 656 1038 me
674 1007 767 1038 non
792 990 885 1040 volt
913 990 1052 1056 loqui.

95 1209 274 1250 Nannius
301 1211 380 1251 vult
406 1212 551 1265 deleri)
571 1226 648 1266 qua
667 1226 754 1253 mos

97 1277 180 1305 erat
198 1267 372 1319 captiuos
397 1270 552 1316 vinciri,
582 1270 753 1323 ducique

97 1335 171 1373 per
192 1336 390 1375 pompam.
423 1324 513 1364 ideo
534 1338 674 1376 autem,
714 1336 753 1365 vt

97 1379 330 1418 conditionis
351 1380 664 1427 reminiscantur,
697 1383 752 1422 lo-

94 1434 146 1472 ris
169 1435 384 1475 caeduntur
400 1439 603 1490 mancipia.
654 1441 752 1479 Nam

94 1493 278 1543 mancipia
304 1492 495 1542 dicuntur,
518 1494 620 1545 quod
634 1508 751 1533 manu

94 1557 202 1597 capta
227 1545 328 1586 sunt:
355 1549 483 1596 Serui,
517 1552 584 1600 qui
611 1549 749 1590 seruati

91 1599 194 1650 sunt,
225 1617 343 1654 quum
369 1617 437 1644 eos
456 1605 580 1645 occidi
601 1617 751 1658 oporte-

90 1668 152 1698 ret
177 1659 260 1697 iure
287 1658 390 1700 belli.
432 1661 535 1700 vnde
566 1663 750 1716 Virgilius

89 1716 210 1766 (Aen.
232 1729 264 1760 x,
287 1719 400 1769 524.)
419 1716 751 1776 ficinducitcapn‘·

89 1783 185 1809 uum
225 1783 449 1825 rogantem,
496 1775 569 1813 Per
600 1778 748 1827 patrios

88 1840 229 1876 manes,
251 1840 323 1880 per
338 1827 428 1881 spes
437 1829 637 1885 fitrgentis
661 1831 743 1879 Iuli,

94 1883 146 1922 Te
157 1894 308 1935 precor,
338 1884 430 1925 hanc
451 1887 744 1940 animamfi‘rues

87 1952 244 1992 natoque
260 1944 443 1994 patrIque.
500 1946 550 1984 D.

144 2008 196 2048 29
237 1998 271 2036 O
316 1996 493 2039 hominem
536 2001 740 2055 impurum]

87 2051 150 2090 Sic
179 2063 325 2093 veteres
342 2055 529 2107 Impurum
547 2059 739 2109 generali-

87 2117 145 2145 ter
166 2121 235 2158 pro
251 2110 427 2162 improbo
450 2112 670 2164 ponebant:
703 2125 742 2153 vt

88 2163 130 2200 in
151 2165 284 2204 eadem
304 2166 376 2206 hac
392 2166 530 2215 fabula,
550 2169 739 2221 Perfitast‘t

87 2217 144 2256 ille
164 2221 345 2273 impurus,
360 2223 428 2274 fin
445 2225 540 2276 fiio.
600 2228 738 2266 Hicine

85 2274 307 2332 libertatem]
352 2280 506 2321 Scilicet
551 2280 730 2322 Athenis.

83 2333 246 2383 Aequam
273 2334 334 2386 effi*
358 2337 575 2392 omnihus?]
619 2338 734 2389 Quasi

83 2387 249 2436 dicerer,
277 2391 351 2430 Vbi
370 2407 452 2432 non
471 2393 544 2441 est,
575 2395 733 2446 quando

80 2441 292 2485 Aeschinus
310 2448 479 2500 loquitur
503 2451 734 2501 (dominatur

78 2502 150 2550 Z).
206 2505 254 2541 Et
273 2501 376 2542 bene
388 2505 588 2545 Omnibus:
619 2519 656 2546 vt
679 2519 732 2546 ne

77 2556 245 2596 lenones
266 2559 421 2609 quidem
447 2562 649 2606 videantur
667 2576 732 2603 ex·-

78 2615 195 2664 ccpti.
251 2617 297 2654 D.

132 2668 360 2710 Libertatem
399 2675 570 2729 aequam]
611 2675 730 2716 Athe-

74 2725 150 2775 nis,
170 2726 231 2766 vbi
250 2731 465 2770 communis
485 2732 658 2772 omnium
671 2732 729 2772 su·

1372 1071 1465 1117 SA.

803 1223 886 1253 erat
905 1212 1073 1253 libertas.
1106 1215 1243 1267 populi
1267 1215 1376 1254 enim
1394 1211 1467 1254 ius-

801 1267 841 1310 su
865 1268 1080 1322 respublica
1099 1270 1294 1325 agebatur.
1353 1275 1396 1312 E.

854 1338 909 1378 30
936 1327 1051 1367 Reile
1085 1329 1265 1378 quinque
1293 1340 1343 1367 ex
1371 1337 1463 1367 vett.

801 1381 938 1421 nostris
956 1382 1104 1421 habent
1127 1382 1384 1433 debacchatus,
1416 1382 1465 1421 le-

801 1451 860 1486 n0‚
879 1453 938 1478 es.-
969 1452 1021 1478 ne
1041 1438 1119 1478 leno
1140 1440 1182 1478 in
1196 1438 1314 1480 Thefi
1335 1440 1463 1478 occul-

800 1504 912 1534 tetur.
970 1497 1010 1533 B.

855 1563 903 1603 31
935 1549 1055 1589 Mitte
1074 1548 1165 1602 tssa;
1192 1564 1302 1605 atque
1318 1552 1459 1592 adrem

800 1605 896 1652 redi]
926 1605 1103 1656 Superbe
1130 1606 1354 1646 adolescens
1382 1622 1461 1647 ma-

797 1660 966 1701 leficium
984 1675 1065 1701 non
1084 1674 1193 1714 putat
1207 1663 1363 1703 lenonis
1382 1661 1461 1702 ess'e

799 1716 1060 1771 purgandum.
1117 1718 1180 1758 Ad
1207 1733 1282 1758 rem
1312 1730 1456 1766 autem,

798 1773 845 1813 ad
865 1775 1070 1827 negotium
1088 1774 1138 1814 de
1157 1788 1234 1828 quo
1245 1777 1384 1831 agitur,
1397 1777 1458 1815 di-

798 1831 861 1871 cit.
916 1834 967 1870 D.

848 1899 901 1939 32
931 1886 1056 1942 Quam
1079 1887 1206 1942 rem?]
1237 1889 1368 1939 Quam
1389 1886 1455 1927 ab·

793 1942 942 1984 duxisti.
1011 1945 1081 1984 Res
1115 1945 1246 1990 enim,
1286 1946 1454 1995 pecunia

791 1999 1046 2054 intelligitur:
1078 2001 1136 2039 vel
1158 2000 1196 2039 id
1216 2014 1286 2053 pro
1298 2014 1374 2052 quo
1385 2014 1452 2052 pe·

792 2057 908 2096 cunia
935 2056 1062 2096 danda
1093 2056 1158 2096 est.
1233 2057 1319 2111 Qo
1349 2058 1449 2096 rede-

789 2113 898 2166 am?]
923 2113 1001 2159 Ad,
1030 2126 1144 2165 quam
1172 2114 1254 2164 <Ad
1275 2127 1365 2160 eam,
1401 2112 1449 2152 ob

788 2182 898 2222 quam
945 2172 1007 2221 Z.)
1057 2168 1224 2208 euertisti
1265 2168 1449 2208 domum:

786 2226 890 2276 quia,
915 2226 1028 2264 Fores
1049 2224 1211 2280 effregit,
1222 2238 1331 2276 atque
1341 2227 1379 2263 in
1390 2239 1449 2263 ae-

786 2283 847 2321 des
868 2284 986 2321 irruit
1005 2283 1157 2321 alienas.
1212 2280 1328 2336 Qud
1343 2280 1394 2319 ad
1408 2295 1447 2320 te

784 2338 977 2392 attinet?]
1018 2337 1136 2388 Quod
1173 2336 1239 2376 tibi
1272 2336 1443 2389 prodest,

784 2404 825 2432 et
846 2393 1091 2433 commodum
1108 2392 1188 2437 est?
1241 2396 1291 2435 D.

839 2451 1026 2489 Meliores
1046 2450 1192 2498 faerni,
1209 2461 1248 2488 et
1267 2448 1383 2488 nostri
1401 2461 1444 2488 o-

781 2519 893 2545 mnes
918 2506 1029 2554 libri,
1061 2506 1110 2546 Id
1139 2506 1237 2561 quod
1257 2506 1306 2546 ad
1334 2519 1370 2545 te
1388 2518 1443 2546 at-

780 2565 889 2602 tinet.
950 2564 989 2602 13.

836 2631 886 2673 33
918 2620 1052 2670 Cupio]
1078 2618 1169 2667 Ille,
1203 2618 1290 2668 Vis,
1319 2616 1439 2656 dixit:

780 2674 846 2714 hic
888 2675 1015 2727 Cupio.
1074 2676 1190 2716 Modo
1225 2677 1337 2728 aequi
1371 2674 1441 2712 ali-

892 2734 926 2774 C
957 2744 980 2784 5
1327 2728 1438 2785 quid]
