1827 3180
0 2967 13 3103 -)-.

673 192 1025 244 PHORMIO.
1065 202 1078 222 '-

1401 197 1498 248 4⁷59

265 334 363 393 Ego
385 324 550 395 plessar
574 324 787 391 pendens,
809 318 888 369 nifi
909 318 1014 384 quid
1035 323 1106 366 'me
1130 315 1340 365 fefellerit.

269 407 351 455 Sed
391 404 511 469 quod
546 402 681 449 modo
706 401 776 447 hic
798 414 880 446 nos
902 394 1209 461 Antiphonem
1233 394 1502 446 monuimus,

169 499 233 550 45
265 484 318 530 Id
343 480 508 529 nosmet
528 478 640 544 ipsos
661 477 801 523 facere
823 481 1012 538 oportet,
1036 469 1257 518 Phaedria.
1313 480 1316 482 ’

266 559 365 610 PH.
407 556 547 603 Aufer
582 553 692 600 mihi
715 555 929 618 Oportet:
961 548 1069 612 quin
1090 558 1166 598 tu,
1198 542 1318 608 quod
1340 543 1506 596 faciam,

374 635 556 696 impera.

271 707 325 757 G
346 721 387 754 Ε.
427 697 729 760 MemInistin',
751 702 856 749 olim
878 710 924 748 vt
942 699 1076 747 fuerit
1095 694 1234 745 vostra
1259 697 1399 742 oratio

229 788 233 789 ⁷
272 789 325 833 ln
350 801 397 831 re
419 779 672 847 incipiunda
696 778 750 825 ad
773 774 1090 824 defendendam
1112 774 1301 823 noxiam,
1378 796 1386 804 ‹
1408 777 1411 780 '

274 859 434 908 Iustam
454 858 573 906 illam
586 854 765 907 causam,
775 853 958 907 facilem,
970 849 1236 901 vincibilem,
1247 857 1475 914 optumam
1490 843 1514 896 ?

1452 939 1514 987 50

200 1093 252 1136 43
286 1079 364 1137 Ego
384 1078 520 1132 plec'iar
535 1075 707 1132 pendens]
727 1072 807 1115 Ple·
856 1077 910 1115 rit
935 1070 1052 1128 vestra
1071 1072 1216 1113 oratio]
1243 1068 1350 1109 Mire
1366 1077 1408 1107 et
1427 1080 1516 1106 con-

147 1140 238 1191 ξίαν,
275 1135 410 1176 feriar:
440 1135 542 1176 vnde
563 1144 603 1174 et
617 1132 808 1188 plastrum,
856 1131 939 1171 filio
957 1140 998 1170 et
1019 1129 1196 1168 oratione
1217 1121 1519 1177 compendiosus

152 1184 193 1234 et
209 1193 339 1249 plagae
358 1193 490 1232 dietae.
549 1193 598 1231 D.

204 1251 284 1307 Ego
298 1250 436 1302 plec‘lar
453 1248 625 1302 pendens]
646 1249 732 1298 Ego
744 1258 811 1297 pu-

153 1307 241 1347 niar
268 1305 458 1358 pendensi
500 1316 537 1344 at
578 1313 619 1342 tu
648 1313 808 1341 tantum-

153 1363 271 1404 modo
289 1361 421 1401 audies
441 1362 539 1407 lites,
559 1371 598 1399 et
618 1372 668 1398 ex
687 1358 813 1398 verbis

151 1420 223 1460 tibi
244 1419 461 1471 periculum
487 1418 569 1457 erit.
627 1418 671 1455 E.

210 1476 286 1530 Ego
323 1474 480 1527 pleHar]
520 1468 698 1514 Priscian.
742 1468 812 1508 lib.

159 1544 197 1571 x.
254 1533 297 1571 L.

159 1614 162 1615 ν
216 1585 376 1640 44Sed
401 1583 626 1638 quodmodo
656 1581 714 1621 hic
734 1578 821 1636 nos]

161 1643 281 1686 Deest
315 1643 474 1682 Tamen:
495 1651 553 1680 ϊῐ
578 1639 643 1686 fit,
667 1637 741 1677 Sed
765 1646 821 1676 ta-

162 1713 258 1740 men.
314 1700 361 1739 D.

215 1769 269 1809 45
300 1755 349 1794 Id
373 1750 611 1806 nosmetipsos
631 1749 760 1803 facere
788 1760 822 1785 o-

164 1815 307 1865 portet]
346 1812 449 1861 Quia
482 1809 567 1848 Nos
596 1804 706 1859 supra
731 1804 827 1842 dixit

167 1869 208 1908 in
235 1865 516 1921 significatione
543 1865 647 1904 aetus
666 1860 827 1914 proprii,

169 1923 270 1976 Ipsos
290 1922 409 1961 addit.
466 1923 514 1962 D.

227 1981 281 2031 46
318 1978 442 2028 Aufir
467 1976 556 2015 mihi
585 1969 747 2026 oportet]
777 1973 831 2016 τᾷ

171 2036 352 2079 humma
373 2031 521 2071 addidit
537 2031 638 2069 mihi.
670 2029 748 2068 {ine
762 2027 832 2066 hoc

174 2091 282 2131 enim
295 2090 411 2141 plena
422 2086 610 2128 sententia
623 2084 687 2126 est.
728 2085 835 2139 ‚Qun

176 2160 229 2194 tu,
250 2146 347 2198 quod
367 2146 523 2196 faciam,
552 2143 704 2193 impera]
736 2141 837 2180 Mire

181 2201 227 2242 ad
256 2202 386 2240 omnia
410 2213 584 2251 paratum
617 2195 653 2236 se
682 2196 839 2244 indicat,

184 2259 251 2310 qui
282 2258 419 2308 Impera
447 2256 547 2294 dicat
569 2251 688 2292 seruo.
737 2252 785 2289 D.

242 2314 442 2364 Auferimo
455 2307 617 2363 oportet]
649 2306 775 2346 Rebus
794 2303 843 2344 fa-

188 2368 343 2408 ciundis
373 2379 460 2405 cum
499 2363 696 2404 neccssiras
732 2362 846 2413 cogit,

189 2439 271 2465 non
291 2425 327 2464 id
341 2421 607 2474 quaerendum
625 2417 727 2469 quod
740 2429 847 2466 opor-

189 2492 281 2520 teat.
338 2479 430 2518 ldeo
441 2477 592 2522 adiecit,
612 2475 729 2516 Tolle
744 2486 849 2524 opor-

188 2550 262 2585 tet,
297 2536 422 2587 potius
441 2546 560 2572 mone
579 2531 683 2583 quod
706 2529 850 2569 faciun-

191 2594 287 2634 dum
306 2592 362 2630 lit.
419 2593 460 2630 E.

245 2647 377 2689 Bemb.
397 2650 429 2686 V
438 2646 540 2685 ictor.
562 2654 601 2683 et
614 2650 776 2694 quatuor
785 2652 852 2678 no·

193 2704 256 2758 stri
275 2704 423 2744 habent
444 2701 712 2755 indfinciam.
751 2699 792 2736 B.

249 2771 304 2815 47
335 2757 578 2814 Memmfflm'
598 2756 685 2795 olim
705 2765 746 2792 vt
765 2752 852 2803 fue-

859 1188 933 1228 est:
966 1198 1043 1238 quo
1057 1185 1180 1236 magis
1193 1181 1422 1222 Phaedriam
1434 1192 1520 1232 pro·

861 1245 951 1298 priis
968 1241 1133 1281 conliliis
1155 1251 1196 1279 ac
1209 1236 1425 1277 domesticis
1437 1248 1522 1288 pro·

861 1309 1051 1340 moueret.
1076 1330 1079 1332 .
1113 1298 1158 1336 Vt
1170 1297 1300 1348 fuerit
1311 1292 1429 1344 vestra
1442 1305 1523 1330 ora-

862 1355 934 1404 tio]
975 1359 1026 1394 Vt
1052 1355 1174 1405 magis
1204 1353 1404 1397 excitaret,
1441 1358 1524 1386 non

864 1413 985 1464 nostra
1004 1410 1112 1452 dixit,
1136 1406 1199 1447 sed
1220 1406 1351 1458 vestra.
1404 1406 1455 1444 D.

922 1472 1075 1508 Praeter
1103 1475 1264 1515 quatuor
1296 1462 1435 1509 libros,
1466 1459 1529 1499 vbi

869 1523 1010 1578 Nostra
1029 1531 1147 1568 extat,
1170 1521 1310 1558 caeteri
1324 1529 1463 1557 omnes
1474 1529 1531 1556 re·

872 1582 930 1620 {te
957 1577 1147 1619 exhibent
1178 1574 1319 1628 Vostra.
1377 1576 1419 1616 B.

927 1698 979 1742 48
1011 1690 1058 1730 In
1084 1702 1124 1728 re
1142 1686 1376 1740 incipiunda]
1394 1686 1536 1737 ‘Incipi-

874 1749 974 1787 unda
993 1746 1171 1801 proprie,
1202 1743 1302 1795 quasi
1329 1743 1381 1782 de
1398 1754 1439 1781 re
1459 1755 1537 1780 ma·

878 1818 955 1859 gna
971 1832 981 1850 ,
1019 1803 1128 1842 dixit.
1197 1802 1259 1840 Sic
1289 1800 1402 1847 alibi,
1445 1798 1538 1838 Vide

878 1861 980 1914 quod
1005 1861 1166 1911 inceptet·
1184 1857 1345 1906 facinus.
1401 1855 1464 1894 Ad
1481 1854 1539 1892 de-

870 1917 1099 1971 fendendam
1146 1913 1325 1966 noxiam]
1371 1912 1540 1950 Naxium

883 1985 991 2014 nune
1027 1972 1200 2022 culpam:
1240 1970 1329 2008 alias
1360 1978 1541 2019 poenam.

880 2035 930 2072 Et
948 2025 1002 2069 est
1023 2032 1198 2071 ὶπὲνῢεσις,
1227 2025 1275 2064 ab
1299 2037 1347 2062 eo
1364 2021 1470 2074 quod
1491 2021 1544 2059 est

883 2088 1059 2127 Noxam:
1092 2094 1132 2120 et
1153 2081 1225 2119 hoc
1244 2080 1382 2119 fat-lum
1394 2077 1545 2131 estpro-

886 2155 971 2196 pter
995 2140 1178 2179 iambum.
1241 2137 1290 2174 D.

947 2198 988 2236 ln
1014 2210 1054 2235 re
1072 2194 1299 2245 incipimtda]
1329 2188 1444 2240 Quali
1475 2186 1550 2229 sae-

891 2254 979 2306 pius
1003 2250 1223 2303 peccauerit
1242 2244 1482 2293 adolescens,
1511 2255 1552 2284 et

894 2307 933 2348 se
953 2306 1195 2347 defenderit:
1218 2304 1308 2342 ideo
1328 2303 1553 2353 quaeritex-

895 2365 1068 2414 emplum
1089 2358 1338 2399 defenfionis.
1392 2360 1436 2397 E.

950 2431 1004 2471 49
1034 2417 1166 2469 lustum
1187 2414 1285 2454 illam
1305 2414 1456 2464 causam,
1487 2409 1558 2463 fa-

898 2475 1023 2521 cilem,
1057 2470 1287 2520 vincilnlem,
1316 2468 1556 2523 optumam?]

899 2529 1110 2572 Conlidera
1129 2527 1287 2580 lingula,
1313 2538 1354 2566 et
1375 2526 1557 2572 inuenies

902 2597 941 2626 et
959 2585 1123 2625 naturali
1146 2584 1295 2633 ordine,
1314 2595 1353 2622 et
1371 2595 1442 2634 pei·
1459 2579 1560 2626 αὔξη-

902 2658 951 2680 σιν
973 2642 1083 2680 dicia.
1111 2639 1265 2689 Caiasam
1285 2652 1354 2690 pro
1373 2635 1563 2677 defentio-

901 2712 954 2739 ne
976 2694 1115 2750 posuit:
1145 2707 1184 2736 et
1203 2695 1429 2742 VmcibIIem,
1464 2702 1563 2745 quae

900 2753 1017 2794 facile
1037 2756 1174 2793 vincat.
1236 2753 1284 2791 D.
