1875 3292
391 225 492 293 37'4

798 229 957 278 ACT.
993 230 1053 279 V.
1091 231 1287 279 SCEN.
1324 231 1360 278 1.

529 358 766 408 Polliceare
785 359 896 407 illis:
935 348 1062 428 exple
1083 362 1282 409 animum
1315 362 1392 415 iis,
1421 369 1555 426 teque
1585 358 1672 409 hoc
1694 362 1776 409 eri·

634 438 755 483 mine
776 436 944 503 expedi.

468 511 470 513 ’
532 510 636 563 BA.
675 513 868 560 Faciam:
909 513 1029 577 quod
1051 511 1144 579 pol,
1167 510 1198 562 fi
1219 508 1322 562 effet
1351 512 1431 562 alia
1461 527 1513 562 ex
1539 513 1627 562 hoc
1648 527 1777 578 quae·

637 587 718 643 stu,
738 589 845 638 haut
868 591 1039 643 faceret,
1062 589 1174 645 sci03

442 683 505 731 30
538 671 600 714 Vt
622 666 676 714 de
694 665 767 714 tali
788 667 906 714 causa
931 677 1096 732 nuptae
1114 666 1289 714 mulieri
1317 666 1358 714 se
1381 664 1641 714 ostenderet.

541 742 628 791 Sed
659 739 766 790 nolo
798 743 894 790 falsa
916 743 1028 790 fama
1049 740 1131 790 effe
1158 754 1341 805 gnatum
1360 738 1603 808 suspestum
1625 753 1781 799 tuum;

539 823 642 868 Nec
666 819 881 867 leuiorem
910 818 1059 874 vobis,
1090 820 1251 885 quibus
1277 817 1337 867 est
1357 821 1557 868 minume
1577 834 1781 882 aequom,

640 895 829 943 viderier

540 973 795 1020 Immerito:
837 989 940 1019 nam
973 974 1157 1022 meritus
1180 970 1235 1023 de
1256 988 1330 1021 me
1349 969 1434 1027 est,
1448 969 1589 1037 ‘quod
1609 983 1783 1036 queam,

641 1047 706 1098 illi
725 1059 774 1098 vt
795 1049 1090 1099 commodem.

408 1270 525 1326 gruit.
587 1271 638 1311 Et
655 1283 710 1312 ne
727 1272 849 1326 longe
865 1270 1074 1320 videretur,

413 1326 566 1366 addidit
576 1328 658 1367 Huc
676 1331 790 1368 intro.
849 1331 974 1382 Atque
983 1328 1075 1381 istuc

410 1381 681 1438 iustiti-andum]
719 1384 760 1424 ld
788 1384 859 1431 est,
894 1386 1004 1437 quod
1031 1396 1075 1425 tu

412 1439 511 1480 mihi
532 1440 789 1492 pollicebaris.
845 1443 896 1482 D.

468 1499 585 1536 Forte
612 1499 689 1551 leg.
722 1500 843 1551 Atque
870 1497 948 1550 istic
973 1495 1077 1548 iustu-

415 1553 574 1592 randum
593 1555 685 1593 idem
711 1555 718 1608 Ι
753 1553 956 1594 Polliceare
964 1568 975 1601 3
993 1551 1078 1606 1qu

417 1622 455 1648 ce
475 1609 578 1661 exple
599 1615 771 1657 animum,
786 1624 890 1663 teque
902 1621 973 1650 etc.
1006 1615 1045 1651 Β.

474 1673 526 1714 28
559 1665 676 1710 Exite
697 1669 858 1704 animum
878 1667 946 1714 bis,
975 1679 1079 1719 teque

416 1719 486 1759 boc
525 1725 678 1760 crimine
718 1722 865 1774 expedi]
903 1721 1078 1773 Explere,

415 1790 490 1829 pro
518 1777 749 1819 Erinanire.
791 1778 1079 1817 Terentianum

417 1832 483 1872 est
541 1834 730 1887 Expedire
746 1832 896 1881 dicitur,
922 1833 989 1885 qui
1013 1847 1078 1885 pe-

417 1888 509 1929 dem
528 1902 728 1931 retentum
753 1890 901 1930 liberat.
958 1889 1080 1941 Exple

418 1947 603 2000 animum]
634 1946 753 1998 Quod
773 1947 848 1986 illis
870 1946 997 1996 prosi&
1029 1947 1079 1986 D.

476 2015 530 2056 29
555 2006 671 2060 ‚Quod
685 2004 759 2052 pol,
780 1999 916 2058 szeſjfit
937 2004 1012 2042 alia
1031 2017 1080 2042 ex

420 2058 487 2098 hoc
516 2060 676 2113 quaestu]
707 2060 924 2112 vigilanter
950 2063 1080 2106 Poeta,

420 2129 476 2155 ne
515 2130 596 2155 non
635 2115 838 2156 vei-ifimile
870 2116 1081 2165 videretur,

422 2172 462 2211 id
507 2173 618 2212 vllam
659 2170 786 2213 secisse
823 2174 1080 2222 meretricem,

421 2226 504 2280 ipse
526 2230 709 2270 leam-em
728 2231 946 2281 praeuenit.
977 2240 1016 2268 et
1035 2228 1083 2268 lic

421 2297 516 2325 vere
563 2286 603 2324 in
641 2284 822 2326 omnibus
861 2285 1086 2336 Terentius,

424 2354 526 2392 quae
563 2343 691 2382 minus
725 2342 957 2395 peruulgata
991 2339 1085 2390 sunt,

425 2411 609 2449 quaeque
636 2398 849 2438 abhorrent
880 2412 902 2437 a
929 2396 1086 2439 consue·

428 2455 580 2497 tudine,
608 2457 697 2508 agit.
754 2459 804 2497 D.

484 2513 545 2548 Nv
563 2509 723 2563 Quae-(Iu
746 2513 782 2550 in
807 2509 923 2550 Thefi
958 2511 1086 2560 lateat,

426 2577 578 2616 repone
596 2568 658 2606 Ex
677 2567 821 2621 quaestu
842 2566 918 2605 hoc.
979 2569 1017 2606 B.

478 2633 534 2672 30
567 2623 614 2660 Vt
641 2623 682 2660 de
711 2624 778 2664 tuli
799 2623 924 2674 causti]
954 2622 997 2661 ld
1018 2621 1085 2670 est,

427 2690 561 2717 amm-e
578 2679 700 2717 mariti
726 2681 807 2718 eius
826 2691 865 2718 et
885 2679 1080 2730 pellicatu.

428 2733 582 2786 Nuptae
610 2736 758 2774 mutim·
788 2735 834 2787 se
864 2734 1084 2789 ostenderet]

1683 1126 1784 1171 Li.

1121 1271 1212 1313 Plus
1229 1269 1339 1319 dixit,
1359 1281 1490 1323 quam,
1511 1267 1682 1323 Nuptan»
1692 1268 1785 1309 aaa·

1123 1339 1311 1383 queretur.
1366 1330 1419 1369 D.

1181 1397 1229 1438 31
1263 1384 1335 1424 Sed
1360 1382 1423 1436 effi‘
1441 1381 1545 1436 fizlfit
1561 1380 1668 1434 fbma
1696 1381 1785 1420 nolo

1124 1440 1300 1497 gnatum]
1331 1443 1458 1486 Bene,
1489 1452 1566 1490 quo
1585 1437 1629 1477 {it
1648 1439 1788 1491 gratio·

1126 1497 1213 1547 sior,
1233 1510 1316 1537 non
1335 1507 1495 1550 propter
1513 1493 1551 1535 se
1563 1495 1667 1544 dicit,
1681 1494 1788 1547 quod

1125 1553 1230 1602 facit,
1254 1552 1394 1593 facere.
1454 1553 1506 1591 D.

1182 1612 1309 1650 Placet
1334 1609 1431 1648 ordo
1462 1607 1686 1653 verborum,
1719 1606 1788 1656 qui

1127 1667 1168 1706 in
1204 1665 1405 1704 nonnullis
1446 1665 1638 1715 reperitur
1668 1661 1787 1711 libi-is,

1126 1722 1200 1762 Sed
1217 1723 1301 1760 nolo
1320 1719 1502 1772 {ffi’sa‘lfiz
1512 1720 1635 1770 fama.
1684 1721 1725 1758 Β.

1185 1790 1237 1829 32
1257 1778 1333 1817 Nec
1353 1777 1526 1815 leuiorem
1549 1771 1668 1819 vobis]
1681 1773 1788 1825 Quid

1131 1831 1352 1874 Leuiorem‘?
1390 1845 1438 1870 an
1469 1833 1597 1870 minus
1627 1832 1788 1871 carum?

1130 1898 1168 1928 vt
1206 1901 1338 1929 contra
1369 1886 1507 1927 Grauis
1539 1888 1787 1942 intelligitur.

1129 1949 1164 1986 V
1170 1947 1240 2000 irg.
1252 1958 1325 1994 xii,
1345 1945 1460 1998 458.)
1491 1943 1595 1984 Ferit
1613 1946 1793 1999 erisegra·

1128 2015 1207 2041 uem
1240 2000 1458 2052 Tymbraeus
1485 1999 1632 2049 Ofi'rim.
1695 2003 1792 2040 (ira-

1130 2061 1188 2098 uis
1208 2059 1323 2098 etiam
1342 2056 1522 2097 molestus
1544 2058 1790 2111 intelligitur.
1857 2082 1863 2088 ·

1131 2125 1171 2155 vt
1204 2114 1422 2160 Sallustius,
1467 2113 1654 2152 Grauiore
1697 2114 1791 2152 bello

1133 2173 1196 2225 qui
1221 2169 1455 2224 prohibituri
1482 2184 1656 2210 venerum
1678 2171 1792 2221 ficii,

1125 2229 1292 2283 friged.
1343 2225 1487 2266 Grauis
1507 2230 1624 2265 etiam
1640 2226 1792 2279 langui-

1136 2284 1217 2324 dus.
1278 2285 1386 2337 Vin-g.
1403 2284 1491 2335 (Ge.
1513 2296 1579 2330 111,
1608 2285 1696 2337 95.)
1722 2281 1793 2320 Vbi

1136 2354 1199 2380 aut
1226 2341 1353 2380 morbo
1372 2342 1522 2394 grauis,
1555 2353 1617 2379 αιιι
1644 2343 1715 2378 iam
1730 2331 1793 2389 J?-

1134 2401 1250 2455 gnior
1268 2399 1375 2435 annis
1406 2393 1563 2445 Deficit,
1599 2397 1691 2435 abde
1729 2396 1793 2433 do-

1136 2468 1207 2494 mo.
1284 2453 1363 2491 Nec
1391 2452 1584 2507 leuiorem]
1620 2455 1671 2491 Vt
1699 2463 1792 2489 con-

1138 2520 1205 2559 tra,
1224 2511 1373 2564 grauis,
1410 2509 1563 2547 honore
1591 2507 1732 2561 dignus
1753 2517 1792 2545 et
1872 2537 1873 2545 ,

1310 2564 1457 2620 Qtibus
1485 2564 1530 2615 est
1560 2567 1715 2602 minume
1735 2575 1793 2600 ae-
1872 2561 1873 2569 ¹

1137 2578 1254 2604 carus.

1136 2622 1267 2675 quom]
1298 2621 1524 2660 Parentibus
1557 2617 1708 2660 scilicet.
1740 2619 1791 2657 D.

1193 2690 1242 2730 33
1289 2676 1492 2724 Immerito}
1535 2679 1639 2715 Bona
1681 2687 1793 2714 exce-
1842 2722 1843 2725 Ἰ

1134 2743 1230 2787 pue.
1261 2732 1335 2774 hoc
1369 2734 1478 2774 enim
1501 2742 1540 2771 et
1559 2743 1699 2770 cauere
1715 2744 1794 2824 kr‘io-

1743 2800 1787 2836 ις,
