1875 3244
641 162 944 211 HECYRA.

1314 180 1436 239 ¹325³

155 307 182 355 ς
221 291 388 342 Dicam,
410 306 500 337 non
523 288 702 354 aedepol
730 290 827 339 scio.

219 364 303 413 Sed
325 363 480 412 ostium
505 365 779 430 concrepuit!
818 364 949 413 credo
969 357 1108 430 ipsum
1130 366 1183 414 ad
1207 383 1278 414 me
1307 371 1436 417 exire.

316 440 435 486 nulla
465 441 554 487 sum
570 441 581 490 !

220 511 319 562 ΡΗ.
353 519 475 562 onr
497 516 568 563 vbi
589 531 659 561 me
678 515 728 562 ad
746 512 875 563 filiam
885 517 948 562 ire
965 513 1099 569 sensit,
1121 516 1290 565 seduxit
1302 519 1440 567 foras:

220 593 366 653 Atque
398 608 539 637 eccam
573 591 715 638 video.
752 591 858 654 quid
886 593 970 644 ais,
1013 591 1278 654 Myrrhina?
1315 595 1439 650 heus,

317 666 395 712 tibi
419 666 532 715 dicu.
569 665 674 712 Mv.
712 666 891 719 mihine,
921 668 981 713 mi
1000 668 1096 713 vir?

220 739 319 789 PH.
358 742 438 789 Vir
458 758 541 802 ego
563 751 663 787 tuus
687 739 809 787 sum?
841 736 934 788 tun'
963 744 1107 790 virum
1138 759 1235 800 me,
1272 755 1346 792 aut
1363 745 1440 795 ho-

316 817 483 864 miuem
504 816 682 881 deputas
705 816 812 864 adeo
827 812 955 876 effe?

88 1044 132 1073 et
151 1031 218 1086 (fit
243 1036 301 1086 7,.)
322 1033 422 1086 apud
433 1046 547 1087 quem
566 1035 650 1074 vilis
661 1033 742 1076 fue-

92 1101 150 1129 rat
171 1088 420 1129 consuetudo.
476 1095 633 1134 Memor
660 1105 741 1131 mu-

93 1147 166 1185 lier
211 1158 369 1198 precum
406 1145 553 1186 suarum
600 1148 741 1187 marito

89 1202 258 1249 mandat,
283 1211 320 1241 vt
339 1202 384 1242 ad
407 1203 647 1255 Pamphilum
659 1217 742 1255 per-

92 1270 176 1310 gat,
205 1270 243 1297 et
260 1269 426 1310 quaerat,
454 1272 502 1299 an
523 1261 615 1298 velit
633 1259 744 1299 redu-

91 1326 180 1353 cere
207 1327 376 1354 vxorem.
433 1314 474 1354 Si
504 1316 617 1364 velit,
660 1315 745 1354 red·

92 1369 180 1417 dat3
215 1370 268 1409 fin
297 1371 395 1410 nolit
437 1371 635 1424 (intellige
661 1373 741 1418 Ait,

94 1426 177 1473 vel,
219 1436 362 1478 reputet
390 1428 452 1478 Z.)
463 1458 473 1476 ‚
506 1428 610 1479 quod
641 1429 743 1467 reete

92 1479 167 1521 hoc
186 1480 330 1523 fecerit.
385 1485 428 1523 E.

146 1550 169 1590 5
214 1539 306 1577 Non
340 1538 492 1632 aecipwl
516 1535 618 1591 fiio]
652 1538 746 1579 Ideo

94 1594 183 1645 quia
218 1606 307 1632 vera
337 1606 404 1633 cau
423 1607 444 1632 a
466 1593 541 1633 dici
561 1608 643 1634 non
665 1605 747 1646 pot-

93 1648 161 1688 est.
218 1651 266 1689 D.

148 1707 174 1746 6
224 1705 297 1744 Sed
339 1704 466 1756 ostium
509 1706 744 1760 concrepuit]

93 1760 181 1801 Plus
218 1760 270 1799 est
298 1773 412 1811 quam
447 1762 618 1814 Crepuit:
655 1776 746 1801 narn

97 1828 163 1854 con
191 1816 307 1855 modo
346 1818 538 1857 anffluum
566 1817 630 1857 est.
687 1818 750 1858 Ad

97 1875 168 1922 me]
200 1875 304 1911 Bene
334 1874 393 1911 Ad
411 1885 474 1920 me,
502 1873 603 1926 quasi
625 1875 748 1928 litiga-

97 1937 233 1966 mmm.
287 1929 334 1968 D.

152 1983 280 2021 Plures
319 1982 404 2022 libri
435 1985 541 2036 iique
567 1986 747 2025 meliores

99 2035 146 2075 fic
166 2039 367 2086 collocant,
387 2039 504 2079 Exire
521 2041 570 2090 qd
584 2054 647 2080 me.
677 2044 718 2080 Β.

152 2105 179 2145 7
210 2092 280 2131 Vbi
303 2108 356 2132 me
386 2098 440 2134 ad
455 2095 576 2147 filiam
595 2099 649 2135 ire
665 2096 747 2146 sen-

95 2145 161 2202 fi't]
194 2151 275 2188 Hoc
293 2161 383 2188 ante
400 2154 545 2207 (arguit
559 2155 619 2205 Z)
643 2165 747 2192 rem:

100 2215 141 2243 et
175 2202 280 2243 fimo!
310 2217 583 2258 argumentum
618 2207 747 2246 delicti

101 2259 165 2304 est,
186 2260 286 2309 quod
307 2263 398 2300 exiit
415 2276 435 2301 a
455 2261 530 2301 filia
542 2264 748 2301 maritoin·

102 2314 228 2368 gresso
264 2318 411 2356 mulier.
471 2318 577 2357 onr
611 2318 672 2356 vbi
695 2331 749 2356 me
785 2320 882 2373 fi?]
918 2318 1055 2366 Λὸξησις
1088 2320 1276 2372 peruersa,

99 2371 151 2410 ad
169 2370 307 2425 filiam]
336 2374 513 2415 Mirantis
541 2373 594 2412 est
625 2373 748 2427 gestus

99 2439 142 2466 et
180 2426 332 2466 dicium.
387 2428 435 2467 Se.
475 2430 586 2468 duxit
617 2429 749 2483 foras]

97 2483 220 2527 Ordo,
242 2482 368 2522 Duxit
378 2483 431 2533 fi.
470 2488 517 2525 Et
537 2484 657 2524 verbis
670 2482 750 2525 rsus

101 2538 176 2586 est,
206 2540 301 2577 intra
323 2537 549 2579 domesticos
572 2542 747 2592 parietes,

102 2596 189 2633 artis
210 2599 382 2646 (parietes
403 2608 436 2633 et
450 2609 558 2642 arces,
577 2595 749 2636 Eddan-

104 2659 143 2691 τε
160 2650 295 2703 Steph.
315 2653 477 2704 parietes
497 2653 613 2707 aptis,
643 2654 748 2695 Wie-

1376 912 1439 948 10

791 1036 888 1090 ling.
919 1037 1083 1084 Malim,
1113 1039 1276 1091 parietes
1305 1041 1438 1093 natis).

790 1096 838 1158 3232
864 1097 1033 1141 ἰδιωτισμῷ
1050 1095 1096 1136 Se
1115 1095 1244 1145 duxit,
1267 1109 1336 1148 pro
1355 1096 1445 1137 Abi·

790 1151 1078 1246 “PrlgDuxit
1106 1207 1182 1260 leg.
1210 1207 1376 1249 Eduxit:
1405 1217 1444 1248 vt

792 1259 903 1314 supra
921 1274 986 1310 111,
1007 1274 1044 1315 3,
1061 1273 1099 1316 4.
1153 1267 1196 1304 Β.

847 1381 869 1424 8
900 1374 1020 1427 Atque
1037 1387 1153 1414 eccam
1169 1373 1292 1423 video]
1310 1377 1446 1427 Appa-

792 1440 851 1468 ret
877 1430 1078 1468 mulierem
1109 1430 1267 1483 fugere,
1306 1442 1346 1470 et
1373 1433 1444 1470 viri

791 1482 952 1524 auersari
979 1482 1242 1537 praesentiam,
1281 1498 1320 1526 et
1355 1486 1445 1528 ideo

796 1539 872 1580 hoe
883 1538 1083 1592 separatim
1094 1542 1448 1594 pronunciandum.

795 1596 917 1636 Heus!
949 1595 1021 1636 tihi
1032 1597 1127 1645 dico]
1148 1598 1329 1637 Ostendit
1339 1603 1447 1651 Myr-

794 1652 946 1692 rhinam
978 1663 1216 1692 auertentem
1246 1651 1305 1694 se:
1344 1654 1446 1705 quasi

794 1707 894 1747 nihil
912 1709 1089 1748 inueniat
1109 1708 1211 1759 quod
1232 1709 1388 1749 dicatde
1407 1709 1448 1749 fi-

795 1764 857 1803 lia.
912 1763 1081 1814 Mih1'ne‚
1108 1767 1159 1803 mi
1183 1765 1297 1819 vir‘f]
1329 1766 1390 1806 Sic
1408 1777 1447 1806 et

797 1821 837 1859 in
873 1819 1041 1869 Andria,
1091 1821 1205 1860 Nihil
1232 1822 1446 1874 respondes:

798 1888 916 1927 quum
936 1875 1125 1915 turbatum
1147 1874 1184 1915 se
1203 1876 1447 1918 ostenditDa-

795 1944 877 1970 uus.
934 1932 1021 1985 Vir]
1051 1932 1113 1971 Ad
1136 1934 1346 1972 maritalem
1358 1946 1448 1973 con·

796 1987 987 2026 ditionem
998 1988 1138 2036 retulit,
1154 2001 1233 2027 non
1244 1988 1291 2027 ad
1305 1986 1444 2029 sexum.

795 2054 834 2082 vt
858 2042 1045 2095 Virgilius
1074 2044 1113 2082 in
1135 2045 1320 2083 Bucolicis
1346 2047 1446 2096 (vu,

794 2100 854 2152 7.)
888 2099 958 2138 Vir
973 2101 1098 2153 gregis
1117 2099 1190 2151 ipsi·
1210 2111 1329 2151 caper.
1359 2105 1410 2142 D.

849 2166 874 2207 9
909 2155 1008 2194 Tun'
1035 2157 1159 2194 virum
1186 2159 1254 2205 mc]
1283 2153 1445 2195 Accusa-

796 2210 851 2248 tio
880 2209 926 2248 ab
953 2210 1219 2262 increpatione
1239 2212 1444 2262 incipiens.

796 2267 872 2305 Aut
901 2264 1080 2305 hominem
1104 2267 1254 2318 deputas
1280 2266 1366 2307 adeo
1395 2267 1447 2318 es:

1345 2324 1445 2363 Adeo

799 2386 925 2415 autem
947 2376 1126 2415 abundat.
1186 2379 1290 2430 Vix-g.
1312 2379 1448 2430 (Ge.1,

799 2435 881 2481 2⁴.)
923 2432 1047 2484 Tuque
1076 2432 1184 2481 adeo,
1224 2446 1328 2486 quem
1355 2449 1445 2474 mox

798 2499 889 2539 quae
899 2485 976 2537 fim
995 2487 1164 2527 habitura
1183 2488 1330 2529 deorum
1351 2490 1446 2531 con-

798 2543 894 2587 cilia,
920 2545 1092 2582 incertum
1114 2543 1172 2594 est.
1229 2545 1280 2584 D.

796 2653 824 2696 S
852 2601 925 2638 Pro
944 2599 1032 2639 Sum
1048 2599 1179 2642 Bemb.
1205 2601 1307 2643 resse
1331 2600 1446 2643 habet

822 2655 883 2694 im.
941 2655 980 2694 13.
