1875 3292
370 164 474 241 240v

782 179 941 226 ACT.
972 180 1006 225 1.
1046 180 1169 225 SCE
1188 182 1251 227 N.
1279 181 1333 226 11.

504 302 806 358 ACTVS
867 304 1119 355 PRIMI
1181 304 1479 357 SCENA
1545 304 1612 357 11.

559 402 563 407 ·
667 395 930 441 PARMENo.
987 396 1240 437 PHILOTIS.
1305 398 1449 438 SYRA.
1601 400 1603 403 ¹

364 471 469 587 S'E
492 555 570 585 Nan
593 554 620 583 x
662 534 694 582 fi
720 547 898 600 quaeret
919 551 1005 589 me,
1033 533 1169 582 modo
1190 530 1263 581 isse
1288 532 1419 582 dicito

427 610 429 613 ⁸
500 615 574 662 Ad
593 625 792 680 portum,
813 622 1126 679 percontatum
1148 611 1389 659 aduentum
1411 611 1642 678 pamphilii

421 851 442 883 1
474 835 596 878 Senex·
605 835 649 890 st
660 849 811 891 quaeret
829 851 893 887 me,
918 837 1026 877 modo

361 896 424 951 zJJe
458 897 592 948 dicito]
631 897 718 935 Hoc
756 893 883 935 seruus
919 895 1027 944 dixit,

360 956 405 994 in
424 954 589 994 Scenam
616 951 666 991 de
685 948 890 992 Proscenio
912 950 1026 1004 respi-

360 1012 484 1051 ciens.
541 1009 660 1050 Senex
689 1010 734 1060 st'
758 1021 912 1065 quaeret
951 1008 1025 1063 me]

358 1070 475 1110 Duae
503 1066 750 1105 conieeiurae
778 1063 862 1106 sunt
888 1069 928 1106 in
955 1065 1026 1105 hac

359 1126 512 1166 Scena:
544 1136 593 1161 an
616 1135 731 1162 verae
749 1121 821 1162 fint
842 1124 1024 1175 nuptiae:

359 1191 402 1222 et
426 1177 488 1220 an>
508 1179 710 1220 verisimile
736 1179 797 1230 fit,
832 1180 1025 1219 abstinere

358 1233 526 1291 potuiffe
548 1234 839 1276 adolescentem
868 1252 889 1277 a
912 1238 1021 1290 virgi-

357 1307 412 1335 ne
433 1292 519 1333 'fibi
550 1303 720 1346 nuptum
753 1294 900 1334 tradita.
958 1294 1024 1332 Se-

355 1365 430 1393 nex
453 1348 490 1399 ῥ’
509 1363 663 1404 quaeret
690 1350 758 1399 me]
799 1351 928 1405 Magis
956 1362 1022 1391 ex·

355 1408 488 1461 preffit
513 1405 860 1453 consuetudinem,
890 1406 1023 1447 dieen-

355 1464 408 1505 do
429 1464 574 1505 Senex:
604 1477 720 1516 quam
730 1464 754 1504 fi
766 1465 927 1511 diceret,
941 1465 1021 1504 Do·

1535 728 1537 730 .
1581 683 1748 737 Audin'

1078 849 1181 886 rem,
1213 845 1251 877 et
1271 849 1292 875 a
1321 830 1359 875 se
1377 834 1557 875 intafi‘tam
1577 848 1625 875 eo
1649 846 1745 876 tem-

1079 907 1196 946 pore,
1218 919 1222 921 >
1247 907 1325 945 quo
1362 894 1524 944 nuptiae
1563 891 1743 941 fuerunt3

1080 950 1220 1002 quibus
1240 951 1305 1002 (de
1323 950 1454 1003 quibus
1480 951 1542 1002 Z.)
1574 951 1741 1002 propriis

1077 1008 1172 1047 locis
1194 1019 1424 1061 argumenta
1444 1007 1641 1046 tradimus.
1685 1010 1742 1046 Vt

1078 1074 1235 1117 oportet
1270 1074 1401 1104 tamen
1437 1060 1565 1102 seruus
1603 1063 1741 1118 exiens

1078 1120 1197 1161 domo
1217 1120 1396 1167 mandat,
1429 1119 1532 1172 quafi
1558 1133 1650 1170 prae
1670 1118 1742 1160 sol-

1073 1177 1280 1217 licitudine
1299 1177 1324 1216 fi
1344 1178 1392 1216 ad
1411 1189 1565 1229 portum
1578 1174 1740 1217 descen·

1075 1236 1184 1276 deret
1213 1233 1331 1286 vsque
1349 1246 1430 1273 erat
1452 1234 1609 1286 quando
1631 1238 1736 1275 Pam-

1073 1292 1204 1344 philus
1236 1292 1384 1338 veniat,
1418 1293 1484 1342 qui
1503 1306 1523 1330 a
1545 1300 1653 1342 patre
1672 1304 1739 1330 ve·

1071 1350 1154 1401 niat
1186 1346 1313 1387 missus
1347 1347 1402 1387 est
1435 1349 1662 1399 (trademus,
1693 1359 1738 1387 vt

1073 1418 1230 1459 oportet.
1288 1405 1369 1444 Iam
1395 1417 1492 1445 nunc
1511 1404 1646 1456 seruus
1674 1418 1737 1444 ex-

1072 1467 1154 1503 iens?
1168 1463 1274 1502 domo
1288 1462 1446 1501 >mandat
1465 1459 1650 1512 conserus),
1678 1475 1734 1511 vt,

354 1526 476 1563 minus
495 1523 631 1562 maior.
688 1524 807 1562 Senex
818 1522 852 1575 fi
869 1531 1022 1576 quaeret
1060 1519 1397 1573 Jifortequaerat
1417 1518 1554 1566 Senex,
1589 1517 1651 1557 vbi
1665 1519 1731 1569 fit,

354 1584 425 1632 me]
460 1582 512 1620 Vt
535 1591 585 1618 ex
604 1578 733 1618 verbis
754 1576 827 1618 suis
846 1589 1021 1625 ramme-
1070 1578 1191 1623 dicat,
1207 1576 1253 1627 fi’
1273 1577 1324 1616 ad
1337 1587 1488 1628 portum
1508 1575 1730 1627 dfiendlffi⁵

354 1636 486 1684 reti-ix,
508 1647 625 1687 quam
644 1636 734 1673 lena
746 1633 932 1686 descripta
943 1634 1019 1673 est:
1057 1633 1297 1685 fiis’citatum
1325 1634 1473 1684 quando
1492 1631 1649 1684 Pamph.
1676 1645 1732 1670 ve-

356 1694 412 1732 ita
430 1701 470 1730 et
489 1693 681 1731 Parmeno
711 1691 794 1742 ipse
813 1692 937 1741 qualis
958 1689 1012 1737 iit,
1068 1694 1160 1737 nias,
1180 1691 1245 1741 qui
1264 1703 1284 1726 α
1298 1691 1457 1741 patrem
1473 1687 1637 1726 Imbrum
1649 1686 1732 1738 mist

354 1747 573 1789 ostenditur
584 1760 631 1786 ex
651 1746 789 1786 suafibi
807 1747 1018 1786 locutione.
1054 1747 1128 1798 sus
1150 1745 1195 1796 esi
1226 1748 1306 1796 Z),
1339 1755 1381 1783 vt
1398 1743 1652 1784 hereditatem
1663 1744 1731 1783 {ibi

352 1804 536 1846 Exeundi
555 1814 685 1843 antem
708 1802 818 1842 causa
839 1803 889 1842 de
907 1815 1017 1856 argu—

351 1872 490 1902 mento
517 1859 693 1901 sumitur:
725 1861 816 1912 quia
845 1860 1019 1912 Pamphi-

349 1919 412 1960 lus
432 1915 567 1959 absens
587 1917 651 1966 est,
669 1928 709 1957 et
725 1914 965 1970 exspeciatur
978 1918 1019 1955 in

352 1975 438 2016 dies
467 1977 549 2015 eius
584 1975 788 2015 aduentus.
845 1974 964 2014 Senex
982 1972 1027 2025 fi

351 2046 504 2087 quaeret
531 2047 596 2081 me,
623 2032 729 2072 modo
757 2030 817 2084 iss}
836 2033 952 2071 dicito
968 2031 1020 2070 ad

345 2090 520 2144 portum]
549 2092 658 2130 Haec
677 2090 809 2128 omnia
834 2086 1015 2128 submissa

349 2157 391 2187 et
419 2147 545 2186 veloci
574 2145 904 2198 pronunciatione
922 2144 1015 2185 effe·

349 2203 474 2243 renda
502 2201 600 2242 sunt.
629 2203 712 2246 'hoc
740 2203 848 2242 enim
869 2201 1015 2243 defide-

348 2272 436 2299 rant
456 2259 678 2299 huiusmodi
708 2259 853 2308 verba,
878 2269 1012 2311 vtpote

346 2328 386 2357 et
406 2314 503 2356 serui
524 2327 564 2356 et
582 2316 816 2357 festinantis,
881 2318 929 2356 D.

407 2373 528 2412 Senex
544 2373 585 2426 si
608 2387 759 2428 quaeret
785 2372 857 2421 me]
889 2375 1009 2422 Haec,

346 2440 386 2469 vt
405 2430 495 2476 dixi,
520 2434 645 2480 Scena
668 2432 932 2471 narrationem
957 2440 1012 2469 te·

347 2497 436 2532 net3
466 2488 508 2525 in
528 2500 604 2538 qua
617 2490 839 2528 comeum-<a
850 2487 913 2537 est,
927 2499 1010 2530 non

347 2539 428 2581 efl'e
462 2543 546 2582 istas
580 2543 803 2584 firmiffimas
834 2546 1009 2597 nuptias'3

345 2609 386 2637 et
413 2599 486 2637 alia
512 2602 700 2640 incedens
729 2601 823 2652 <alia
851 2602 934 2640 inde
963 2599 1009 2650 cst

343 2655 424 2705 Z),
453 2658 556 2705 quod
580 2668 618 2695 et
639 2656 866 2698 adolescens
887 2656 1004 2696 illiba·
1057 2669 1148 2696 tum.

1067 1803 1239 1842 reliehm
1260 1814 1400 1853 capere
1420 1799 1542 1853 poffet
1569 1800 1617 1840 ab
1643 1800 1730 1851 hoe,

1069 1859 1121 1899 de
1155 1860 1239 1899 aliis
1277 1869 1316 1896 vt
1350 1858 1433 1898 fine
1462 1854 1542 1908 ipso
1579 1856 1729 1897 causam

1069 1917 1172 1955 hanc
1200 1914 1397 1968 intelligat
1425 1914 1571 1967 φοβεῖς
1593 1916 1643 1954 ad
1661 1915 1729 1955 hoc

1069 1974 1189 2018 addit,
1209 1986 1262 2021 vt,
1285 1972 1354 2021 nifi
1372 1971 1446 2024 ipse
1463 1972 1728 2026 quaerat‚al1'i5

1068 2028 1212 2082 caufirm
1234 2029 1329 2068 hanc
1347 2043 1390 2068 ne
1410 2031 1548 2069 indicet
1568 2030 1652 2080 Z.):
1684 2029 1726 2070 Si

1068 2099 1124 2137 re,
1156 2087 1284 2139 inquit
1302 2085 1443 2138 (adde,
1471 2099 1548 2124 non
1575 2089 1636 2137 Z.)
1664 2085 1726 2124 in-

1065 2144 1331 2198 terrogauerit,
1351 2155 1403 2181 ne
1424 2142 1577 2182 dixeris.
1635 2144 1724 2182 Huc

1064 2203 1185 2254 (Haec
1215 2202 1272 2247 Z.)
1303 2201 1409 2239 enim
1428 2197 1532 2238 causa
1553 2211 1639 2238 cum
1665 2200 1726 2238 in·

1064 2270 1174 2313 tegra
1200 2256 1335 2302 suerit,
1371 2256 1477 2308 quod
1506 2256 1544 2294 ei
1579 2255 1723 2296 diffium

1063 2330 1144 2356 non
1163 2315 1225 2362 est,
1244 2327 1308 2354 me
1326 2309 1393 2352 isse
1411 2313 1457 2352 ad
1478 2323 1647 2365 portum,
1668 2311 1724 2352 fa·

1062 2374 1138 2413 cile
1158 2373 1235 2412 alio
1255 2372 1342 2410 loco
1363 2369 1438 2409 diei
1455 2368 1724 2423 polsentht·

1051 2431 1108 2485 ·est
1138 2431 1207 2482 z).
1268 2431 1312 2468 E.

1117 2497 1142 2527 2
1201 2484 1465 2529 Percontatum
1519 2483 1719 2524 aduentum

1061 2534 1267 2595 Pamphili]
1313 2540 1526 2581 Honestam
1567 2536 1716 2579 causam

1060 2602 1167 2643 dixit,
1193 2599 1230 2637 id
1254 2597 1327 2646 est,
1353 2597 1549 2650 Pamphili
1571 2595 1718 2635 aduen-

1209 2660 1257 2696 Μ
1272 2655 1557 2707 ρεηιιηὸἐαιιιηι,
1584 2663 1622 2692 et
1637 2664 1716 2702 per·

342 2722 425 2752 tam
444 2711 512 2752 diu
540 2712 584 2753 in
611 2714 729 2755 domo
759 2714 894 2756 habuit
917 2727 1006 2755 vxo·
1055 2727 1247 2756 comatum
1268 2710 1455 2753 scribitur.
1475 2708 1539 2750 sed
1554 2720 1717 2763 percom-
1750 2726 1760 2739 »κ

1599 2779 1719 2807 talum
