1875 3292
376 185 468 235 ¹52

768 172 923 220 ACT.
958 172 1035 219 IV.
1075 172 1267 220 SCEN.
1297 174 1353 221 V.

399 312 481 366 350
514 297 735 349 Liberale:
776 300 847 348 sed
870 316 1024 348 vereor
1044 317 1102 347 ne
1119 299 1352 362 indiligens
1374 301 1562 350 nimium
1581 300 1677 358 sies.

413 368 415 370 θ
511 379 566 424 In
587 391 673 440 qua
694 377 865 423 ciuitate
887 375 1060 422 tandem
1087 386 1129 422 te
1150 375 1355 424 arbitrare
1373 375 1556 430 viuere?

512 453 746 513 Virginem
767 449 931 505 vitiasti,
955 467 1084 515 quam
1104 461 1146 499 te
1169 453 1236 498 ius
1260 469 1352 500 non
1374 452 1514 502 fuerat
1541 464 1743 516 tangere:

512 529 608 576 Iam
629 526 674 573 id
696 538 924 592 peccatum
945 529 1142 593 primum
1163 543 1397 589 magnum,
1427 539 1470 576 at
1497 528 1744 578 humanum

609 612 780 651 tamen:

437 834 500 877 50
545 821 607 863 Ne
648 822 844 879 indiligens
887 824 1042 863 nimium

374 876 458 933 fies]
496 881 587 919 Non
617 892 712 933 ergo
741 881 936 935 ingratus,
975 877 1040 920 sed

381 935 594 989 negligens
615 934 844 977 Aeschinus:
873 948 945 975 nec
973 949 1041 975 ne-

381 992 552 1045 gligens,
577 988 642 1031 sed
661 991 768 1031 indili
795 1006 880 1032 ens:
911 994 1038 1032 necin

381 1048 559 1093 alterum,
580 1045 644 1086 sed
663 1049 705 1087 in
717 1045 755 1088 se
764 1007 934 1100 deliquit.
964 1049 1040 1091 Mi-

382 1117 450 1144 rae
467 1104 703 1143 elementiae
729 1117 853 1158 genus
875 1103 946 1152 est,
978 1113 1040 1144 aut

381 1159 547 1198 omnino
566 1157 784 1213 ignoscere,
807 1170 873 1200 aut
892 1161 1039 1200 crimen

379 1215 425 1255 in
445 1215 568 1255 leuius
586 1227 836 1256 commutare.
875 1219 1039 1257 Namto-

381 1281 420 1311 ra
448 1270 667 1325 obiurgatio
686 1273 735 1312 ita
755 1273 877 1312 amica
896 1273 968 1321 est,
1000 1282 1041 1312 rt

382 1340 468 1368 non
506 1328 672 1368 multum
712 1344 734 1368 a
769 1327 1041 1368 blandimento

381 1381 596 1435 discrepet:
635 1382 834 1438 magisque
869 1382 1041 1436 proficiat

380 1438 486 1491 apud
513 1439 757 1489 audientem,
797 1450 836 1479 vt
863 1440 944 1479 vult
963 1443 1044 1480 Te.

381 1496 546 1541 tentius,
569 1510 683 1547 quam
705 1497 768 1536 illa
785 1493 917 1550 aspera
927 1507 1043 1548 atque

381 1550 605 1603 praefinita.
659 1555 710 1594 D.

440 1675 489 1715 51
524 1663 567 1702 In
587 1674 658 1717 qua
678 1666 830 1703 ciuitate
848 1664 991 1701 tandem
1010 1677 1043 1700 re

383 1718 577 1759 arbitrare
624 1719 808 1772 mucra-3]
855 1722 1042 1760 commu-

383 1787 481 1814 nem
509 1775 638 1814 locum
667 1774 816 1814 inducit
834 1789 855 1813 a
878 1776 986 1821 loco,
1023 1788 1044 1811 a

384 1829 571 1880 persona,
607 1844 629 1869 a
658 1829 780 1879 flutio,
810 1844 831 1869 a
855 1841 1043 1883 tempore.

383 1887 434 1927 ln
463 1900 536 1940 qua
561 1887 764 1940 ciuitatet]
804 1887 929 1926 Aliter
962 1900 1045 1938 pro-

385 1943 653 1984 nunciandum
674 1942 737 1991 est,
768 1942 807 1982 id
828 1943 891 1988 est.
924 1938 1045 1992 press‘e

384 2012 430 2037 ac
459 2000 621 2038 leniter:
652 1998 828 2040 nefaciat
847 1998 1044 2038 illud'l'ul-

385 2056 532 2095 lirinum
560 2056 694 2105 (Catil.
723 2068 755 2104 ι,
787 2056 864 2108 4.),
901 2054 977 2094 Pro
1003 2054 1043 2093 di

383 2111 623 2152 immortales!
642 2110 788 2151 ubinam
805 2112 971 2166 gentium
977 2111 1042 2162 fic-

385 2170 498 2213 mus?
523 2181 633 2222 quam
662 2167 920 2221 rempublicam
942 2166 1044 2206 Imbe-

385 2228 490 2266 mus?
520 2228 560 2263 in
590 2238 660 2277 qua
682 2224 771 2264 vrbe
791 2227 968 2264 viuimus?
996 2226 1043 2264 Et

394 2282 558 2320 Tandem
601 2294 670 2333 pro
726 2281 861 2321 Tamen
909 2280 1042 2331 (male.

386 2339 488 2377 Nam
508 2338 651 2376 tandem
671 2338 873 2391 eleganter
890 2336 1045 2376 additur

388 2394 774 2442 interrogationibus,
806 2405 843 2432 vt
875 2407 926 2445 gr.
950 2409 1043 2439 ποτε,

386 2460 429 2486 et
459 2451 533 2486 rim
563 2450 690 2493 addin
720 2462 840 2502 germ.
880 2451 918 2488 in
948 2449 1044 2489 aller

387 2506 506 2543 Wolf.
541 2509 616 2555 Z).
676 2507 721 2544 In
747 2520 817 2558 qua
839 2505 1044 2558 ειάῐιαιεῖ]

386 2562 475 2600 Hac
496 2560 560 2598 cst.
592 2560 732 2598 oblitus
762 2576 801 2601 es
822 2561 986 2603 Athenis
1007 2572 1046 2599 te

386 2613 486 2663 esse,
519 2616 579 2654 rbi
599 2617 741 2655 viuimr
764 2615 951 2669 legibus?
980 2618 1047 2658 vi-

387 2672 437 2711 de
467 2684 603 2710 omnes
635 2671 841 2712 sententias
871 2675 966 2725 poni
989 2685 1047 2714 ac·

389 2726 605 2777 cusatorias,
625 2740 661 2769 et
682 2729 777 2772 nihil
792 2731 936 2783 (nimii)
950 2742 1048 2770 amo·

1580 683 1745 730 Fecere

1087 824 1148 864 ris.
1208 823 1272 864 Isti
1296 820 1381 863 sunt
1409 825 1628 865 orationum
1647 826 1747 865 colo-

1089 893 1148 921 res
1174 879 1410 920 difficillimi:
1439 878 1504 921 sed
1531 880 1747 922 elaborauit

1089 937 1300 978 Terentius
1312 937 1531 977 Micionem
1550 936 1679 977 facere
1690 938 1748 977 le-

1090 994 1193 1032 niter
1211 991 1472 1041 accusantem,
1499 1003 1539 1033 et
1558 993 1749 1034 inducere

1088 1051 1281 1090 Demeam
1315 1048 1507 1090 durissime
1546 1049 1749 1090 blandien-

1089 1115 1180 1144 tem.
1234 1106 1281 1145 In
1299 1118 1371 1158 qua
1392 1106 1591 1160 ciuitate2]
1624 1105 1748 1158 Quod

1090 1160 1270 1215 obiurgat
1294 1162 1431 1212 Mici0‚
1454 1163 1588 1215 magni
1609 1163 1750 1202 amoris

1091 1217 1166 1266 est,
1197 1228 1237 1256 et
1257 1215 1467 1258 neceffaria
1494 1232 1566 1270 pro
1587 1215 1750 1269 persona

1092 1271 1307 1314 affentatio.
1335 1287 1417 1314 non
1434 1275 1543 1315 enim
1560 1275 1751 1315 conuenit

1090 1340 1240 1382 patrem
1267 1330 1431 1370 nimium
1458 1329 1692 1385 diligentem
1709 1329 1752 1371 fi·

1091 1387 1198 1434 lium,
1209 1386 1291 1426 eius
1302 1388 1511 1438 praeterire
1523 1398 1688 1437 peccata.
1701 1389 1749 1428 D.

1147 1442 1282 1494 Inque
1300 1444 1449 1482 ciuitate
1469 1442 1614 1484 tandem
1635 1457 1672 1484 te
1688 1457 1750 1483 ar·

1092 1497 1238 1538 bitrare
1271 1498 1448 1552 viuere?]
1483 1499 1655 1539 Honesta
1684 1498 1752 1539 ob-

1093 1555 1275 1608 iurgatio,
1304 1564 1343 1593 vt
1366 1566 1404 1593 et
1421 1556 1577 1596 veniam
1595 1555 1682 1609 det,
1709 1565 1752 1596 et

1093 1621 1226 1648 tamen
1257 1611 1434 1663 corrigat.
1490 1614 1533 1652 E.

1148 1677 1200 1717 52
1233 1665 1423 1719 Virginem
1450 1666 1615 1722 vitiasti]
1645 1666 1753 1707 Vide

1094 1731 1133 1759 et
1152 1734 1232 1759 rem
1255 1720 1341 1769 dici,
1360 1731 1401 1760 et
1418 1719 1548 1762 abesse
1568 1724 1751 1776 tragicam

1094 1777 1427 1824 inclamationem,
1454 1790 1492 1817 et
1514 1779 1664 1818 ostendi
1686 1778 1753 1818 de·

1093 1832 1245 1873 lictum:
1277 1844 1316 1871 et
1342 1833 1388 1872 ad
1417 1835 1569 1874 veniam
1597 1834 1753 1874 festina-

1094 1889 1137 1927 ri.
1192 1889 1290 1927 Nam
1311 1887 1429 1929 statim
1451 1889 1570 1939 dicet,
1602 1892 1685 1931 Iam
1710 1891 1753 1931 id

1088 1955 1278 1997 peccatum
1303 1946 1466 1997 pre'nmm
1493 1947 1539 1999 ‹st
1565 1960 1750 2003 magnum,

1094 2014 1134 2040 at
1162 2001 1362 2041 humanum
1396 2017 1527 2042 tamen.
1586 2006 1634 2044 Et
1672 2015 1752 2044 tota

1092 2058 1365 2110 pronunciatio
1387 2057 1605 2100 huiusmodi
1625 2061 1751 2101 verbis

1093 2109 1280 2153 suminiss'a
1304 2113 1478 2155 debetur.
1531 2121 1581 2158 D.

1145 2169 1286 2208 Melius
1318 2171 1481 2211 collocat
1496 2172 1629 2214 Bemb.
1660 2173 1752 2216 Non

1092 2227 1151 2264 ius
1159 2225 1309 2277 fuerat.
1368 2230 1409 2267 Β.

1151 2293 1200 2335 53
1232 2284 1293 2321 Ne
1318 2281 1382 2322 hic
1407 2282 1449 2322 {it
1470 2283 1599 2326 versus
1618 2288 1753 2329 trime-

1095 2348 1152 2383 ter
1185 2336 1398 2378 trochaicus
1436 2339 1753 2394 hypercatalefti-

1095 2406 1181 2437 cus,
1213 2395 1336 2445 qualis
1356 2396 1457 2447 apud
1479 2401 1638 2439 Terent.
1661 2401 1752 2441 alias

1094 2446 1270 2502 nuspiam
1314 2452 1539 2501 inuenitur,
1594 2457 1753 2510 gemina

1094 2507 1301 2560 Magnum,
1346 2509 1448 2560 quod
1479 2510 1555 2548 iam
1583 2514 1751 2551 Faernus

1094 2561 1215 2609 vidit3
1238 2573 1356 2614 atque
1377 2565 1423 2603 Id
1433 2565 1655 2616 euphoniae
1666 2577 1751 2607 cau-

1096 2615 1132 2657 sa
1152 2616 1360 2670 transpone
1378 2621 1444 2665 ita,
1465 2621 1545 2661 1520
1560 2633 1754 2675 peccatum

1093 2685 1257 2727 prunum
1283 2676 1325 2715 id
1345 2689 1533 2730 magnum
1563 2680 1748 2736 mdgnum,

1098 2745 1135 2771 an
1158 2730 1361 2775 humanam
1376 2745 1509 2776 tamen.
1564 2738 1607 2777 Β.
