1859 3196
652 207 954 255 HECYRA.

1366 222 1464 280 369

130 356 192 390 10
222 341 344 387 Nam
376 338 462 384 iam
484 323 629 384 'aetate
654 352 701 383 ea
723 335 841 390 sum,
873 345 921 384 vt
940 352 1034 384 non
1055 332 1132 385 fiet
1149 351 1327 405 peccato
1347 349 1466 398 mihi

322 413 487 475 ignosci
517 429 702 476 aequom
717 431 726 458 :

226 494 335 546 Quo
365 492 504 549 magis
535 490 678 536 omnis
700 503 771 536 res
795 489 987 543 cautiuS,
1016 504 1075 536 ne
1096 499 1262 541 temere
1292 496 1460 556 faciam,

324 582 495 612 aCCUI'O·

222 645 346 691 Nam
368 639 396 686 fi
421 641 464 686 id
486 640 601 693 facis,
634 637 857 688 faauraue
877 657 936 694 es,
966 640 1103 689 bonas
1137 644 1258 709 quod
1288 664 1370 714 par
1401 649 1463 699 est

324 717 484 764 facere:
524 716 721 762 inscitum

226 789 404 840 Offerre
426 794 631 840 iniuriam
652 792 731 840 tibi
749 809 836 849 me,
853 794 1105 844 immerenti
1124 796 1326 863 iniquom
1349 801 1426 850 est.

144 1015 201 1056 '10
229 1013 322 1054 Non
338 1011 412 1069 fit]
442 1014 534 1054 Non
564 1013 748 1057 videatur.

88 1069 171 1112 lam
197 1084 239 1110 ea
257 1082 377 1112 aetate
393 1070 503 1121 stam,
539 1084 581 1111 vt
605 1086 678 1111 non
696 1072 750 1124 stt

84 1137 239 1182 peccato
278 1126 370 1166 mihi
403 1124 549 1182 ignosci
575 1129 749 1183 aequom]

89 1184 199 1234 Quia
218 1184 295 1222 iam
317 1179 394 1232 ipse
414 1184 543 1226 (Num
569 1187 657 1238 quia
676 1187 751 1224 iam

88 1239 166 1294 ipse
192 1240 254 1292 Z.)
287 1253 366 1278 non
399 1239 449 1279 do
488 1243 665 1289 veniam
701 1256 749 1281 an

87 1296 183 1348 quia
209 1309 292 1334 non
324 1295 417 1335 mihi
455 1299 631 1349 peccanti
667 1311 746 1336 non

90 1351 220 1392 danda
257 1351 342 1397 est?
381 1355 427 1393 Et
459 1352 513 1392 est
544 1353 658 1402 ordo,
698 1358 751 1395 Vt

89 1422 175 1448 non
205 1407 248 1446 fit
274 1407 371 1447 mihi
401 1421 572 1460 aequum
594 1421 751 1460 peccato

48 1473 52 1476 “
89 1460 251 1517 ignosci.
305 1461 522 1503 Necessaria
540 1466 655 1518 igitur
675 1479 750 1504 arn·

90 1519 272 1573 biguitas.
306 1530 371 1558 aut
400 1522 508 1559 enim
530 1520 588 1559 Sit
607 1534 676 1571 pro
702 1523 752 1560 vi-

91 1576 250 1616 deatur:
282 1585 349 1614 aut
375 1575 540 1625 Peccm,
577 1591 646 1628 pro
666 1590 750 1628 pec-

92 1643 288 1672 catorum:
339 1643 404 1671 aut
440 1633 597 1672 Peccata
645 1633 750 1681 mihi,

88 1701 163 1742 pro
182 1688 359 1740 peccanti
381 1687 489 1734 mihi,
508 1700 574 1728 aut
592 1701 751 1741 peccato

90 1757 195 1784 meo.
231 1755 295 1784 aut
318 1743 424 1783 deest
443 1745 506 1794 In,
544 1755 583 1784 vt
608 1744 672 1794 fit,
707 1746 748 1784 in

87 1811 264 1855 peccato.
326 1803 374 1841 D.

149 1859 286 1908 Quum
316 1868 394 1910 ego
424 1869 471 1895 ea
500 1867 626 1896 aetate
656 1854 748 1906 sum,

90 1923 132 1954 vt
159 1924 318 1965 peccato
342 1926 424 1951 non
455 1912 567 1959 dem,
596 1912 636 1952 id
655 1916 754 1966 (pec-

89 1983 175 2010 cato
194 1983 267 2009 non
285 1970 363 2008 dem
390 1972 533 2008 veniam
542 1985 556 2012 ;
583 1970 661 2009 ideo
687 1973 752 2022 7,.)

88 2026 303 2079 diligenter
323 2038 433 2074 curo,
464 2038 517 2065 ne
536 2026 683 2078 aliquid
702 2037 753 2066 te-

91 2095 204 2123 mere
221 2081 374 2122 faciam.
426 2083 470 2122 E.

154 2206 203 2236 11
236 2193 410 2241 cautius,
438 2207 482 2235 ne
502 2207 634 2233 temere
651 2191 752 2246 flzci-

94 2249 175 2303 am]
227 2251 411 2289 Seniliwr
458 2250 629 2289 additum
670 2249 754 2303 post

94 2307 265 2352 Cautius,
279 2306 337 2344 Ne
348 2307 640 2357 temerefioeiam.
673 2311 726 2348 D.

152 2365 258 2414 Lege
283 2374 330 2400 ex
358 2362 489 2399 nostris
519 2361 600 2400 fere
635 2361 770 2400 omni-'

96 2416 182 2464 bus,
212 2421 296 2470 Qo
317 2419 434 2473 magis
457 2430 514 2456 res
534 2431 654 2458 omnes
675 2430 756 2456 cau-

92 2476 186 2517 tius.
245 2478 289 2514 B.

152 2596 205 2628 12
258 2583 463 2626 Faeturaue
512 2586 562 2629 es]
602 2582 757 2627 Etiamsi

94 2650 180 2681 >non
197 2641 313 2681 facies
386 2642 581 2697 lusi-itum]
602 2647 673 2685 Me
691 2640 753 2681 sci-

96 2695 199 2745 licet,
217 2699 239 2736 11'
255 2698 434 2737 mim-iarn
445 2697 592 2738 faciam.
639 2696 759 2753 Insci-

150 2753 231 2795 Ter.
244 2757 285 2798 C.
303 2754 346 2796 P.
358 2754 410 2794 ΙΙ.

1368 882 1401 925 Β
1418 881 1471 929 Α.’

799 1015 897 1071 tum]
909 1017 1213 1071 Inelegansmon
1225 1019 1389 1062 bonurn.
1416 1028 1468 1066 Et

801 1087 884 1111 non
899 1073 1109 1114 benedixit
1121 1081 1280 1129 Durum,
1292 1091 1357 1118 aut
1368 1081 1466 1131 quid

802 1130 892 1178 tale,
919 1127 984 1169 sed
1002 1130 1202 1183 Infiitum:
1233 1147 1311 1185 quo
1344 1137 1466 1177 verbo

801 1186 972 1225 maxime
990 1188 1173 1227 mulieres
1193 1184 1470 1233 etme1-e'n·1ces

803 1254 973 1281 Vtuntur.
1029 1243 1172 1283 Scitum
1197 1247 1304 1286 enim
1332 1248 1466 1288 dicunt

803 1299 907 1348 quod
920 1299 1064 1350 placet:
1089 1301 1267 1352 Inscitum
1279 1306 1382 1354 quod
1396 1304 1466 1344 ‹iis-

801 1354 930 1405 plicet.
951 1366 999 1403 vt,
1014 1358 1084 1395 Per
1096 1359 1184 1408 ecast
1189 1371 1232 1395 or
1236 1358 1358 1410 stitus
1371 1374 1465 1413 puer

801 1423 911 1449 natus
921 1410 968 1461 est
987 1425 1003 1448 e
1016 1411 1221 1463 Pamphilo,
1276 1417 1363 1455 Hoc
1385 1419 1465 1458 tale

802 1467 856 1504 est
867 1468 971 1516 quod
985 1466 1082 1505 dixit
1092 1469 1270 1518 Irzfiitum
1280 1484 1328 1509 ex
1339 1472 1465 1513 abuu-

802 1521 934 1561 danti:
966 1524 1082 1574 quale
1108 1524 1161 1563 est
1187 1526 1293 1577 apud
1322 1530 1463 1582 Virgil.

802 1580 921 1629 (Aen.
940 1591 1012 1623 xlx,
1039 1582 1144 1631 185.)
1173 1581 1254 1620 Nec
1269 1584 1467 1636 postarma

803 1632 877 1672 vua
897 1633 1041 1675 rebelles
1074 1637 1268 1677 Aeneadae
1286 1643 1464 1693 referent.

857 1744 957 1786 Illud
979 1747 1088 1787 Nunc
1114 1750 1281 1789 Faernus
1307 1752 1466 1794 auROri-

803 1811 884 1840 tate
918 1803 1051 1843 Bemb.
1086 1804 1203 1845 delet.
1258 1811 1313 1847 At
1344 1809 1466 1852 nostri

801 1871 960 1907 omnes,
993 1860 1210 1911 Namstid
1229 1877 1325 1903 nunc
1339 1865 1459 1916 facis.

801 1916 1015 1955 Caeterum
1045 1917 1143 1956 illud
1174 1919 1350 1969 Infiitum
1373 1935 1465 1964 cum

803 1973 953 2010 Faerno
976 1985 1181 2024 praepone
1198 1973 1389 2027 sequentI.
1419 1982 1464 2021 Β.

860 2093 909 2136 13
952 2083 1097 2147 Offerre
1125 2087 1322 2142 iniuriam]
1364 2089 1466 2141 Offi-

802 2152 919 2178 rzmus
956 2155 1135 2180 nuunam
1162 2156 1244 2182 non
1268 2157 1469 2196 merenas

802 2196 1001 2235 Reddimus
1018 2196 1055 2235 ei
1076 2199 1143 2249 qui
1163 2210 1346 2243 meretur.
1383 2204 1433 2242 D.

862 2305 1061 2358 Inscitum,
1099 2307 1229 2359 offlrre
1261 2309 1461 2368 iniuriam]

805 2364 992 2402 Iniustum
1012 2364 1123 2402 valde
1143 2379 1222 2404 non
1241 2371 1410 2408 merenti
1421 2371 1465 2409 ti-

806 2418 845 2456 bi
871 2419 1018 2458 inferre
1037 2420 1229 2460 iniuriam.
1284 2425 1330 2463 E.

864 2528 965 2570 Illud
976 2528 1055 2578 Me,
1076 2543 1163 2572 cum
1174 2530 1463 2580 abfitinssemb.

805 2597 844 2626 et
865 2589 906 2626 in
928 2600 1004 2627 vno
1032 2600 1079 2626 ex
1102 2589 1257 2638 nostris,
1292 2605 1365 2632 nec
1386 2597 1468 2634 Do-

807 2655 919 2683 natus
969 2643 1144 2684 videatur
1176 2644 1332 2699 legifl'e,
1375 2662 1464 2692 cum

804 2702 955 2740 Faernu
978 2696 1147 2751 spurium
1167 2714 1359 2757 putamus.
1387 2709 1432 2749 Β.

941 2759 1012 2800 Aa
