1859 3196
584 207 890 253 HECYRA.

1310 216 1401 270 38¹

169 342 292 390 Nam
320 345 460 402 nupta
480 337 699 384 meretrici
733 333 866 383 hostis
887 330 973 391 est,
1004 351 1027 381 a
1046 335 1144 382 viro
1175 334 1251 384 vbi
1269 337 1408 398 segre-

272 425 368 475 gata
398 410 472 458 est.

167 487 213 538 L
226 502 277 537 A.
313 493 375 537 At
395 488 476 534 hae
498 489 659 534 amicae
680 496 824 541 erunt,
856 485 946 541 vbi,
968 485 1256 551 quamobrem
1278 487 1409 537 adue·

270 566 401 618 neris,
434 562 667 610 resciscent.

77 657 138 706 25
175 640 273 691 PH.
313 644 374 686 At
394 638 561 686 easdem
581 641 735 685 amicas
753 637 848 685 fore
868 636 948 686 tibi
966 639 1196 703 promitto,
1217 655 1313 687 rem
1331 639 1407 689 vbi

272 716 587 776 cognouerint:

171 795 294 839 Nam
316 791 406 836 illas
429 806 590 841 errore,
615 800 658 837 et
679 799 721 836 te
746 787 870 836 simul
892 789 1130 855 suspicione
1152 790 1360 839 exsolues.

173 867 211 916 B
224 881 272 913 A.
309 861 446 914 Perii!
482 865 620 930 pudet
640 865 944 915 Philumenae:
981 865 1211 930 sequimini
1232 884 1304 915 me
1318 867 1408 914 hue

271 944 390 990 intro
420 942 584 988 ambae.

100 1156 151 1198 23
182 1142 286 1184 Nam
303 1154 424 1196 nupta
443 1142 627 1185 meretrici
637 1141 700 1182 bo-

33 1197 104 1253 stis
131 1199 196 1254 est]
225 1201 351 1242 Caute
374 1199 491 1238 etiam
507 1197 580 1238 hoc
592 1213 699 1250 prae-

41 1256 149 1296 struit
167 1259 296 1304 Poeta,
323 1268 376 1295 ne
396 1268 479 1294 non
497 1255 699 1296 verisimile

38 1312 217 1352 videatur
260 1309 427 1364 potuiffe
455 1313 699 1351 meretricem

42 1370 238 1421 (nuptam)
258 1366 502 1407 concorditer
524 1380 610 1407 cum
622 1367 700 1417 pel-

42 1424 119 1464 lice
136 1437 266 1477 agere.
324 1423 426 1462 Nam
444 1434 562 1474 nupta
590 1437 699 1462 mere-

40 1482 132 1520 trici
159 1477 282 1530 hostis]
312 1480 420 1525 Alia,
450 1476 597 1517 scilicet
626 1479 699 1518 ini·

45 1537 145 1576 mica
165 1536 330 1588 (Aliena,
348 1533 417 1586 seu
434 1536 613 1585 inimica).
644 1535 695 1574 D.

99 1593 200 1633 Nam
235 1601 353 1642 nupta
378 1592 561 1630 meretrici
594 1589 702 1641 hostis

42 1645 111 1703 est]
142 1650 228 1688 Hoc
249 1646 323 1695 est,
360 1647 402 1685 in
421 1657 552 1685 mutua
575 1645 702 1685 mariti

43 1715 86 1743 et
103 1704 227 1743 vxoris
248 1699 426 1742 societate
444 1714 525 1740 non
554 1702 606 1740 est
625 1715 704 1740 ma-

1308 1021 1415 1065 La.

747 1142 790 1183 in
821 1143 866 1186 C.
896 1142 943 1185 C.
976 1153 1016 1184 et
1041 1140 1215 1184 Petrenfi
1249 1139 1410 1181 omifl'us

749 1199 804 1240 est
830 1208 973 1240 :tamen
985 1213 1071 1239 cum
1081 1195 1312 1251 quibusdam
1324 1196 1411 1249 spu-

747 1257 824 1296 rius
847 1256 1051 1296 existimari
1072 1269 1156 1295 non
1180 1256 1309 1294 debet.
1346 1248 1411 1293 Et·

749 1312 855 1352 enirn
876 1326 898 1350 a
915 1325 957 1351 re
968 1326 1050 1351 non
1063 1311 1257 1360 abhorret,
1268 1321 1413 1349 vtrum·

750 1380 829 1419 que
859 1364 1014 1416 senem,
1043 1367 1221 1418 inprimis
1250 1365 1412 1416 Phidip-

749 1436 854 1474 pum,
882 1425 948 1473 qui
967 1423 1022 1462 ibi
1042 1422 1315 1462 Paterfamilias
1337 1420 1408 1471 est,

749 1478 928 1518 Bacchidi
987 1479 1086 1517 hanc
1141 1478 1233 1516 dare
1278 1475 1411 1515 fidem.

750 1534 959 1575 Caeterum
982 1535 1076 1574 ratio
1097 1530 1224 1575 versus
1247 1533 1411 1585 requirit

752 1589 978 1645 Cognorint.
1033 1592 1076 1630 B.

808 1703 863 1744 26
895 1700 945 1741 Et
964 1714 999 1740 te
1008 1699 1338 1754 stmulfiespicione
1347 1713 1413 1741 ex·

43 1760 84 1800 la
115 1756 300 1812 suspicio;
329 1755 453 1797 sedin
480 1770 615 1796 eorum
636 1753 704 1796 dis·
741 1755 880 1808 fhlues]
910 1758 995 1797 Hoc
1016 1757 1070 1798 est
1089 1757 1194 1810 quod
1226 1754 1337 1809 supra
1357 1757 1415 1796 di-

46 1816 214 1856 ceffione
231 1824 298 1853 aut
316 1812 408 1852 haec
429 1815 622 1860 mereti-iit,
641 1822 706 1852 aut

49 1872 119 1913 isle
137 1870 285 1911 adulter
306 1870 503 1909 iudicatur.
559 1871 603 1909 E.

91 1932 159 1979 ‘24
189 1930 261 1967 Pro
278 1926 360 1966 Hae
389 1926 479 1979 lege
503 1938 552 1964 ex
570 1925 704 1965 Bemb.

51 1994 92 2023 et
109 1985 203 2032 aliis,
223 1984 275 2023 vti
296 1979 419 2022 versus
431 1979 564 2033 poscit,
582 1982 706 2025 Haec,-

49 2039 156 2092 quod
183 2038 286 2091 apud
312 2037 489 2078 Nostrum
518 2035 630 2089 saepe
662 2039 704 2078 in

51 2097 184 2150 plural.
205 2095 410 2136 Feminino
427 2095 598 2133 occurrit.
629 2097 670 2133 B.

106 2163 160 2203 25
201 2153 253 2189 At
287 2149 425 2202 eafiiem
458 2151 594 2189 amicas
613 2151 707 2202 fore

53 2205 144 2260 riht]
183 2207 256 2245 Hic
292 2205 451 2257 quidem
480 2203 606 2244 senes:
647 2218 708 2244 ve·

55 2275 140 2302 rum
154 2261 250 2301 aliae
261 2257 392 2299 causae
405 2258 500 2308 sunt,
520 2272 617 2312 quae
628 2275 707 2300 mu-

51 2319 171 2357 lieres
189 2315 333 2356 faciunt
353 2313 548 2355 molestas:
580 2328 617 2354 et
636 2316 709 2356 hae

55 2374 176 2426 (Leg.
229 2385 352 2412 τιΒι
398 2383 708 2411 vitonum-ro.

57 2429 141 2470 Hoc
161 2439 270 2480 quum
278 2425 466 2478 fiiuerint
483 2439 617 2465 verum.
656 2428 709 2466 At

58 2486 152 2525 aliae
169 2483 295 2534 carfiae
305 2482 411 2533 fiant,
439 2494 532 2535 quae
547 2481 712 2521 mulieres

50 2542 203 2596 faciunt
218 2537 376 2590 molestas
396 2551 432 2578 et
443 2537 610 2578 acerbas:
630 2537 713 2589 hae)

61 2608 190 2636 autem
210 2593 477 2647 spessatoribus
494 2605 609 2633 notae
630 2591 715 2633 sunt

63 2665 113 2693 ex
134 2662 374 2704 argumento.
427 2654 476 2692 D.

752 1813 828 1862 xit,
858 1813 1026 1853 Crimen:
1055 1826 1127 1853 nos
1156 1825 1313 1865 quoque
1340 1809 1416 1852 sus-

753 1869 954 1920 picionem
984 1870 1227 1922 interpretati
1270 1866 1411 1909 sumus.

753 1924 945 1978 Exfiilues]
973 1927 1178 1978 Expedies.
1237 1929 1287 1967 D.

809 1980 1028 2036 Suspicione
1054 1980 1235 2034 exsblues]
1272 1978 1344 2022 Ms.
1368 1983 1417 2023 R:

754 2036 883 2077 euelles.
938 2041 980 2079 L.

808 2105 863 2144 27
894 2092 1031 2133 Pudet·
1045 2091 1297 2140 Philumenae]
1339 2091 1418 2130 Pu-¹

753 2150 815 2190 det
826 2149 904 2190 duo
927 2148 1133 2202 significat:
1154 2149 1310 2188 siueille
1321 2160 1415 2199 pec-

757 2207 849 2244 carit
869 2217 986 2256 quem
1003 2205 1136 2257 pudet,
1166 2204 1244 2242 siue
1263 2202 1330 2242 ille
1350 2215 1416 2241 cu.

757 2262 816 2299 ius
834 2259 964 2312 pudet.
1019 2263 1066 2301 Et
1081 2258 1416 2298 familiariterPhi·

757 2315 941 2362 Iumenae,
983 2327 1162 2365 tanquam
1210 2326 1326 2353 notae
1364 2326 1417 2355 ex

758 2370 970 2421 Pamphilo.
1028 2371 1145 2409 Pudet
1161 2369 1417 2424 Philumenae]

759 2424 1011 2468 Conscientia
1037 2426 1253 2465 communis
1275 2425 1346 2465 viri
1373 2436 1415 2466 et

762 2482 970 2534 pellicatus.
1044 2483 1244 2535 Sequimini
1273 2496 1327 2521 me
1356 2484 1417 2521 in-

763 2551 824 2578 tro
852 2537 920 2575 huc
946 2534 1087 2586 ambae]
1119 2538 1282 2577 Ancillis
1310 2538 1416 2587 dicit,

765 2607 864 2647 quae
887 2590 969 2632 sunt
987 2592 1083 2638 κωφοὶ
1104 2591 1276 2640 πρόσωπα.
1307 2595 1360 2635 D.

819 2646 956 2689 Versus
991 2650 1111 2702 gratia
1143 2660 1310 2701 repone,
1339 2649 1420 2691 Vos

92 2767 95 2770 Δ
118 2708 191 2750 Etsi
218 2707 280 2749 hic.
308 2703 433 2748 versus
453 2704 651 2763 'in-Bemb.
677 2715 716 2747 et
751 2705 956 2763 fiquimini
974 2708 1078 2748 intro
1093 2705 1161 2747 huc
1176 2705 1312 2749 ambae.
1340 2708 1380 2747 Β.
