1875 3292
364 194 466 242 424

791 185 1009 230 ACT.1.
1042 182 1250 230 ‘sc-EN.
1278 185 1329 230 11.

499 305 602 360 GE.
635 310 858 360 Abeuntes
880 312 1009 360 ambo
1029 314 1100 359 hic
1119 324 1213 360 tum
1234 313 1352 361 senes
1377 330 1448 361 me
1468 311 1566 362 filiis

498 388 771 451 Relinquunt
802 386 917 454 quafi
940 388 1209 452 magistrum.
1250 387 1358 438 DA.
1395 408 1424 439 o
1447 392 1583 444 Geta,
1615 386 1728 456 *pro-

597 466 786 511 uinciam

505 537 665 604 Cepisti
679 540 857 588 duram!
895 536 1004 587 GE.
1043 542 1154 589 mihi
1173 542 1267 589 vsus
1288 541 1426 596 venit„
1441 542 1526 592 hoc
1547 542 1656 590 scio:

505 617 695 664 Memini
715 617 906 682 relinqui
927 634 997 665 me
1017 622 1116 666 Deo
1139 620 1249 667 irato
1271 633 1389 665 meo.

1671 710 1732 759 25

369 835 500 877 beant.
561 837 640 880 ob!
669 853 725 880 me
752 853 872 897 regem
901 839 963 894 effe
994 853 1031 880 ο-
1080 841 1247 882 nitorem
1267 851 1385 892 atque
1396 837 1603 879 custodem.
1647 840 1738 882 Pro·

369 894 540 949 pornuit]
571 899 683 938 Acue
698 911 764 936 me.
817 901 866 939 D.

429 951 564 1006 Regem
592 967 649 992 me
673 953 750 1006 effi’]
784 955 947 1006 Antiqui
975 963 1031 994 et-

1080 898 1257 952 uinciam]
1287 896 1482 938 Officium.
1537 899 1580 936 E.

1135 966 1187 1006 23
1219 953 1327 995 Mihi
1374 953 1461 1003 vsits
1499 953 1616 1005 venit]
1658 953 1739 993 Ali·

372 1006 451 1046 iam
470 1009 639 1049 maxime
663 1010 705 1050 in
725 1011 954 1053 Comoediis
976 1011 1030 1050 di·
1079 1011 1236 1064 quando
1256 1009 1351 1050 mihi
1378 1011 1550 1063 contigit.
1608 1011 1652 1050 E.

374 1062 534 1103 tiffimos
569 1062 742 1118 quosque
775 1067 890 1124 Reges
931 1067 1031 1106 dice-

1135 1070 1285 1108 Omnes
1314 1067 1450 1106 Faerni
1477 1066 1627 1118 antiqui
1656 1064 1740 1105 libri

373 1117 489 1160 bant:
522 1122 573 1160 vti
596 1121 743 1174 parasiti
771 1137 836 1164 eos
853 1139 874 1164 a
892 1123 1032 1176 quibus
1082 1123 1234 1164 habent
1255 1122 1346 1174 Vfies
1365 1137 1403 1162 v.
1420 1120 1519 1162 solus
1542 1121 1674 1162 Bemb.
1701 1120 1743 1162 V-

373 1173 649 1228 pascebantur,
698 1179 816 1237 Reges
862 1181 1032 1233 appella·
1071 1181 1143 1233 sus
1172 1183 1310 1221 euenit:
1349 1179 1486 1227 nostri,
1520 1179 1594 1228 Vsu
1626 1182 1741 1219 venit.

333 1250 335 1253 ·
374 1231 483 1273 bant.
538 1237 580 1275 Ε.

432 1302 482 1332 21
514 1289 695 1333 Abeuntes
713 1292 821 1333 ambo
841 1293 926 1333 hinc
938 1292 1034 1348 tum]

374 1344 478 1388 Hinc
508 1358 545 1388 et
571 1348 629 1388 hic
648 1349 803 1403 legitur.
835 1361 877 1389 et
903 1349 957 1390 est
977 1364 1037 1389 or-

375 1401 446 1455 d0,
475 1405 549 1443 Hic
568 1405 798 1458 relinquunt
822 1405 921 1447 filiis.
975 1406 1040 1446 Fi·

377 1457 452 1510 liis]
483 1463 646 1512 Propter
663 1460 775 1502 filios.
834 1467 886 1506 D.

461 1518 589 1558 Leffio
644 1518 860 1560 nostrorum
910 1519 1037 1560 Codd.

376 1572 498 1620 Hinc,
533 1584 572 1621 vt
592 1573 785 1615 referatur
810 1576 858 1616 ad
879 1578 1040 1628 propius

374 1626 577 1676 Abeuntes,
606 1632 729 1683 magis
747 1632 893 1683 placet,
922 1645 1039 1682 quam

366 1684 456 1723 Hic
486 1685 687 1734 Bembini,
728 1687 835 1736 quod
868 1686 1039 1726 referen-

373 1738 475 1778 dum
517 1740 571 1779 est
609 1740 657 1780 ad
697 1744 883 1782 remotius
917 1742 1042 1782 Relin-

380 1809 513 1850 quum.
573 1799 614 1836 B.

437 1864 492 1894 22
517 1851 762 1910 Relinquunt]
792 1856 835 1895 Id
856 1853 927 1901 est,
956 1867 1040 1895 non

379 1905 509 1948 secum
533 1909 743 1950 abducunt.
797 1910 1041 1966 Quafi'magi-

375 1964 512 2019 stram]
557 1969 667 2006 Beue
701 1966 819 2021 qurfi:
857 1967 925 2019 qui
959 1981 1041 2006 non

382 2023 600 2074 compleuit
623 2021 696 2061 hoc
721 2021 855 2075 ipsum,
879 2036 953 2062 nec
964 2025 1042 2062 vult

382 2075 472 2118 effe.
530 2078 779 2134 Magistrum]
810 2081 872 2120 Sic
890 2080 1041 2119 Latini:

381 2147 501 2186 quem
516 2137 652 2174 Graeci
673 2137 892 2183 παιδαγωγόν
913 2137 1043 2188 appel-

384 2192 478 2230 lant.
539 2191 573 2230 Ο
591 2192 706 2236 Geta!
734 2194 965 2245 prouinciam
993 2206 1040 2230 ce-

381 2248 472 2300 pisti
507 2247 655 2302 duram]
692 2248 906 2300 Aequifitae
937 2248 1041 2287 bello

383 2305 506 2356 longe
523 2304 569 2342 ab
592 2305 696 2343 ltalia
718 2306 913 2358 regiones,
946 2306 1043 2344 Pro-

383 2362 526 2399 nim·1.11.·
545 2360 667 2399 diffiae
686 2358 780 2407 sunt,
803 2376 821 2402 a
845 2373 960 2413 porro
982 2361 1043 2400 vel

389 2417 520 2467 procul
551 2426 591 2454 et
621 2417 827 2456 vincendo
868 2417 914 2457 ad
954 2429 1044 2468 quas

385 2473 474 2522 quia
500 2474 696 2510 Praetores
716 2487 800 2512 cnm
824 2474 950 2512 cilicio
963 2476 1046 2512 mit-

387 2527 590 2572 tebantur,
621 2530 743 2567 officia
774 2542 932 2580 quoque·
953 2530 1046 2568 Pro-

387 2585 529 2622 tinctae
550 2587 814 2624 nominantur.
875 2588 908 2624 0
930 2586 1044 2625 Geta!

382 2639 636 2692 prouinciam]
667 2641 1047 2693 Splendidel'rouin·

389 2698 479 2735 ciam
499 2695 608 2732 dixit.
666 2700 712 2736 D.

443 2753 564 2807 220st
583 2751 811 2808 magstrum]
843 2753 1050 2807 Quamne·

1085 1241 1305 1289 Vtrumque
1323 1248 1433 1277 more
1449 1236 1601 1286 dicitur,
1630 1233 1741 1277 sensu

1085 1293 1238 1335 eodem.
1295 1296 1337 1334 Β.

1143 1418 1198 1460 24
1226 1406 1388 1448 Memini
1405 1405 1563 1458 relinqui
1573 1419 1639 1454 me,
1659 1403 1743 1445 Deo

1087 1464 1189 1503 irato
1209 1468 1304 1509 meo]
1335 1463 1397 1502 Sic
1410 1464 1620 1516 Vir-gom,
1634 1462 1746 1515 539.)

1087 1534 1148 1559 nec
1169 1519 1226 1559 Di
1245 1533 1368 1560 texere
1386 1520 1595 1568 Capenam,
1623 1521 1747 1557 Aenea

1087 1579 1268 1622 veniente,
1280 1576 1360 1626 sui.
1419 1577 1506 1615 Hoc
1523 1572 1657 1626 Asper.
1681 1572 1745 1613 sed

1087 1631 1184 1671 mihi
1214 1632 1368 1671 videtur
1396 1631 1442 1669 ad
1464 1631 1538 1669 hoc
1564 1625 1749 1669 addidifl‘e

1087 1701 1176 1736 meo,
1198 1700 1249 1726 nc
1268 1685 1360 1726 efl'et
1376 1692 1579 1732 ἀμφίβολον,
1606 1687 1665 1724 cui
1687 1685 1748 1724 di-

1092 1754 1208 1789 ceret,
1232 1743 1336 1782 Irato
1360 1742 1454 1780 Deo.
1513 1742 1684 1782 Naeuius
1707 1742 1747 1781 in

1090 1800 1308 1852 Stalagmo‚
1346 1798 1429 1837 Deo
1460 1811 1537 1836 meo
1562 1800 1746 1851 propitio,

1090 1868 1189 1894 mem
1210 1854 1320 1893 homo
1339 1854 1396 1906 est.
1452 1853 1614 1894 Memini
1640 1855 1751 1893 relin-

1092 1914 1157 1965 qui
1179 1925 1242 1958 me,
1262 1912 1344 1950 Deo
1368 1913 1468 1950 irato
1489 1919 1585 1960 meo]
1614 1909 1750 1950 Domi-

1092 1981 1138 2008 no
1159 1968 1275 2009 dixit:
1301 1981 1350 2006 an
1370 1979 1462 2007 vere
1480 1967 1596 2008 Deo?
1626 1967 1753 2008 Erbe-

1094 2037 1147 2064 ne
1167 2037 1254 2070 meo,
1277 2036 1329 2062 ne
1349 2020 1443 2064 esset
1459 2028 1652 2071 ἀμφίβολον.
1701 2027 1752 2066 Et

1092 2080 1142 2120 fic
1170 2080 1286 2128 dixit,
1315 2081 1472 2121 Memini
1499 2079 1676 2133 relinqui,
1712 2091 1753 2120 vt

1093 2138 1136 2176 in
1156 2136 1325 2183 Andria,
1355 2137 1521 2176 Memini
1537 2149 1592 2174 me
1612 2137 1752 2185 videre,

1092 2197 1152 2240 Er,
1170 2192 1333 2232 ‚Memini
1342 2206 1395 2231 me
1404 2191 1492 2244 fieri
1505 2203 1656 2245 pauum,
1678 2195 1751 2232 En·

1094 2251 1197 2289 nius.
1259 2252 1308 2291 D.

1144 2305 1228 2344 Deo
1263 2308 1365 2344 irato
1400 2303 1492 2352 meo]
1530 2307 1672 2344 Teneo
1711 2305 1752 2346 in

1094 2362 1282 2401 memoria
1295 2361 1434 2400 dimitti
1448 2363 1548 2400 irato
1559 2361 1642 2400 Deo
1659 2374 1749 2409 meo,

1095 2420 1156 2458 vel
1192 2417 1373 2464 domino,
1415 2418 1477 2456 vel
1513 2418 1653 2470 genio,
1693 2417 1754 2457 vel

1096 2485 1201 2515 certe
1226 2476 1325 2514 Deo.
1385 2473 1520 2514 Noster
1547 2475 1650 2513 enim
1677 2477 1754 2515 De-

1095 2544 1139 2570 ns
1159 2529 1233 2578 cst,
1260 2531 1326 2580 qui
1347 2527 1455 2569 fauet
1479 2528 1607 2568 nobis:
1638 2529 1702 2579 qui
1724 2526 1752 2567 ίῐ

1098 2587 1214 2625 iratus
1233 2584 1359 2632 suerit,
1384 2583 1538 2625 aduersa
1550 2585 1678 2623 omnia
1688 2596 1754 2635 pa-

1098 2644 1225 2681 timur.
1258 2644 1309 2682 Vt
1322 2642 1429 2695 Virg.
1441 2643 1560 2692 (Aen.
1575 2653 1621 2688 11,
1637 2640 1753 2692 396.)

1100 2697 1276 2738 Vadimus
1302 2700 1463 2738 immixti
1481 2697 1640 2746 Danais,
1658 2697 1753 2737 haue

1098 2756 1249 2797 numine
1268 2753 1400 2808 nostro.
1456 2756 1498 2797 Ε.
