<?xml version="1.0" encoding="UTF-8"?>
<!DOCTYPE html PUBLIC "-//W3C//DTD XHTML 1.0 Transitional//EN"
    "http://www.w3.org/TR/xhtml1/DTD/xhtml1-transitional.dtd">
<html xmlns="http://www.w3.org/1999/xhtml" xml:lang="en" lang="en">
 <head>
  <title>
</title>
<meta http-equiv="Content-Type" content="text/html;charset=utf-8" />
  <meta name='ocr-system' content='tesseract 3.04.00' />
  <meta name='ocr-capabilities' content='ocr_page ocr_carea ocr_par ocr_line ocrx_word'/>
</head>
<body>
  <div class='ocr_page' id='page_1' title='image "./comoediaesexexre02tereuoft_0227.png"; bbox 0 0 1875 3244; ppageno 0'>
   <div class='ocr_carea' id='block_1_1' title="bbox 632 144 940 190">
    <p class='ocr_par' dir='ltr' id='par_1_1' title="bbox 632 144 940 190">
     <span class='ocr_line' id='line_1_1' title="bbox 632 144 940 190; baseline 0.003 -1"><span class='ocrx_word' id='word_1_1' title='bbox 632 144 940 190; x_wconf 84' lang='lat' dir='ltr'><strong>ADELPH.</strong></span> 
     </span>
    </p>
   </div>
   <div class='ocr_carea' id='block_1_2' title="bbox 1349 159 1440 206">
    <p class='ocr_par' dir='ltr' id='par_1_2' title="bbox 1349 159 1440 206">
     <span class='ocr_line' id='line_1_2' title="bbox 1349 159 1440 206; baseline 0 0"><span class='ocrx_word' id='word_1_2' title='bbox 1349 159 1440 206; x_wconf 83' lang='lat'>¹99</span> 
     </span>
    </p>
   </div>
   <div class='ocr_carea' id='block_1_3' title="bbox 144 271 1436 488">
    <p class='ocr_par' dir='ltr' id='par_1_3' title="bbox 144 271 1436 488">
     <span class='ocr_line' id='line_1_3' title="bbox 208 271 1358 329; baseline 0.001 -10"><span class='ocrx_word' id='word_1_3' title='bbox 208 276 353 329; x_wconf 86' lang='lat' dir='ltr'>Quam</span> <span class='ocrx_word' id='word_1_4' title='bbox 375 286 573 318; x_wconf 67' lang='lat' dir='ltr'>maxume</span> <span class='ocrx_word' id='word_1_5' title='bbox 593 289 723 319; x_wconf 84' lang='lat' dir='ltr'>vnam</span> <span class='ocrx_word' id='word_1_6' title='bbox 743 272 882 319; x_wconf 84' lang='lat' dir='ltr'>facere</span> <span class='ocrx_word' id='word_1_7' title='bbox 900 288 981 318; x_wconf 91' lang='lat' dir='ltr'>nos</span> <span class='ocrx_word' id='word_1_8' title='bbox 1007 271 1118 318; x_wconf 87' lang='lat' dir='ltr'>hanc</span> <span class='ocrx_word' id='word_1_9' title='bbox 1138 271 1358 327; x_wconf 81' lang='lat' dir='ltr'>familiam,</span> 
     </span>
     <span class='ocr_line' id='line_1_4' title="bbox 206 347 1435 413; baseline 0.002 -18"><span class='ocrx_word' id='word_1_10' title='bbox 206 350 374 399; x_wconf 81' lang='lat' dir='ltr'>Colere,</span> <span class='ocrx_word' id='word_1_11' title='bbox 389 347 607 400; x_wconf 68' lang='lat' dir='ltr'>adiuuare,</span> <span class='ocrx_word' id='word_1_12' title='bbox 620 347 872 408; x_wconf 87' lang='lat' dir='ltr'>adiungere.</span> <span class='ocrx_word' id='word_1_13' title='bbox 910 347 1001 394; x_wconf 83' lang='grc' dir='ltr'>ΑΕ.</span> <span class='ocrx_word' id='word_1_14' title='bbox 1039 348 1095 393; x_wconf 84' lang='lat' dir='ltr'>ita</span> <span class='ocrx_word' id='word_1_15' title='bbox 1109 349 1276 410; x_wconf 82' lang='lat' dir='ltr'>quaeso,</span> <span class='ocrx_word' id='word_1_16' title='bbox 1297 362 1435 413; x_wconf 84' lang='lat' dir='ltr'>pater.</span> 
     </span>
     <span class='ocr_line' id='line_1_5' title="bbox 144 419 1436 488; baseline 0 -16"><span class='ocrx_word' id='word_1_17' title='bbox 144 440 170 488; x_wconf 83' lang='grc' dir='ltr'><strong>ς</strong></span> <span class='ocrx_word' id='word_1_18' title='bbox 206 422 305 472; x_wconf 83' lang='lat' dir='ltr'>Ml.</span> <span class='ocrx_word' id='word_1_19' title='bbox 343 427 467 469; x_wconf 87' lang='lat' dir='ltr'>Haut</span> <span class='ocrx_word' id='word_1_20' title='bbox 488 424 608 470; x_wconf 79' lang='lat' dir='ltr'>aliter</span> <span class='ocrx_word' id='word_1_21' title='bbox 630 423 795 471; x_wconf 82' lang='lat' dir='ltr'>censeo.</span> <span class='ocrx_word' id='word_1_22' title='bbox 837 419 940 470; x_wconf 81' lang='lat' dir='ltr'>DE.</span> <span class='ocrx_word' id='word_1_23' title='bbox 980 425 1071 469; x_wconf 87' lang='lat' dir='ltr'>imo</span> <span class='ocrx_word' id='word_1_24' title='bbox 1100 423 1246 471; x_wconf 87' lang='lat' dir='ltr'>hercle</span> <span class='ocrx_word' id='word_1_25' title='bbox 1268 426 1325 471; x_wconf 87' lang='lat' dir='ltr'>ita</span> <span class='ocrx_word' id='word_1_26' title='bbox 1354 443 1436 472; x_wconf 82' lang='lat' dir='ltr'>no·</span> 
     </span>
    </p>
   </div>
   <div class='ocr_carea' id='block_1_4' title="bbox 302 498 540 546">
    <p class='ocr_par' dir='ltr' id='par_1_4' title="bbox 302 498 540 546">
     <span class='ocr_line' id='line_1_6' title="bbox 302 498 540 546; baseline 0 -1"><span class='ocrx_word' id='word_1_27' title='bbox 302 498 370 545; x_wconf 85' lang='lat' dir='ltr'>bis</span> <span class='ocrx_word' id='word_1_28' title='bbox 395 498 540 546; x_wconf 83' lang='lat' dir='ltr'>decet:</span> 
     </span>
    </p>
   </div>
   <div class='ocr_carea' id='block_1_5' title="bbox 190 569 1439 698">
    <p class='ocr_par' dir='ltr' id='par_1_5' title="bbox 190 569 1439 698">
     <span class='ocr_line' id='line_1_7' title="bbox 202 569 1439 639; baseline 0.001 -18"><span class='ocrx_word' id='word_1_29' title='bbox 202 577 401 622; x_wconf 84' lang='lat' dir='ltr'>Primum</span> <span class='ocrx_word' id='word_1_30' title='bbox 421 575 552 621; x_wconf 86' lang='lat' dir='ltr'>huius</span> <span class='ocrx_word' id='word_1_31' title='bbox 573 574 716 621; x_wconf 82' lang='lat' dir='ltr'>vxoris</span> <span class='ocrx_word' id='word_1_32' title='bbox 743 572 803 620; x_wconf 91' lang='lat' dir='ltr'>est</span> <span class='ocrx_word' id='word_1_33' title='bbox 825 583 975 620; x_wconf 86' lang='lat' dir='ltr'>mater.</span> <span class='ocrx_word' id='word_1_34' title='bbox 1005 569 1100 619; x_wconf 85' lang='grc' dir='ltr'>Μι.</span> <span class='ocrx_word' id='word_1_35' title='bbox 1134 574 1240 637; x_wconf 90' lang='lat' dir='ltr'>quid</span> <span class='ocrx_word' id='word_1_36' title='bbox 1261 573 1439 639; x_wconf 85' lang='lat' dir='ltr'>postea?</span> 
     </span>
     <span class='ocr_line' id='line_1_8' title="bbox 190 646 1438 698; baseline 0.003 -4"><span class='ocrx_word' id='word_1_37' title='bbox 190 649 312 698; x_wconf 81' lang='lat' dir='ltr'>.DE.</span> <span class='ocrx_word' id='word_1_38' title='bbox 349 649 490 698; x_wconf 90' lang='lat' dir='ltr'>Proba</span> <span class='ocrx_word' id='word_1_39' title='bbox 512 661 555 698; x_wconf 87' lang='lat' dir='ltr'>et</span> <span class='ocrx_word' id='word_1_40' title='bbox 583 647 786 698; x_wconf 86' lang='lat' dir='ltr'>modesta.</span> <span class='ocrx_word' id='word_1_41' title='bbox 820 646 921 695; x_wconf 75' lang='lat' dir='ltr'>Ml.</span> <span class='ocrx_word' id='word_1_42' title='bbox 957 650 1016 696; x_wconf 84' lang='lat' dir='ltr'>ita</span> <span class='ocrx_word' id='word_1_43' title='bbox 1047 651 1182 697; x_wconf 87' lang='lat' dir='ltr'>aiunt.</span> <span class='ocrx_word' id='word_1_44' title='bbox 1218 648 1324 697; x_wconf 76' lang='lat' dir='ltr'>De.</span> <span class='ocrx_word' id='word_1_45' title='bbox 1358 668 1438 698; x_wconf 81' lang='lat' dir='ltr'>na·</span> 
     </span>
    </p>
   </div>
   <div class='ocr_carea' id='block_1_6' title="bbox 301 726 601 785">
    <p class='ocr_par' dir='ltr' id='par_1_6' title="bbox 301 726 601 785">
     <span class='ocr_line' id='line_1_9' title="bbox 301 726 601 785; baseline -0.003 -12"><span class='ocrx_word' id='word_1_46' title='bbox 301 738 349 773; x_wconf 87' lang='lat' dir='ltr'>tu</span> <span class='ocrx_word' id='word_1_47' title='bbox 380 726 601 785; x_wconf 83' lang='lat' dir='ltr'>grandior.</span> 
     </span>
    </p>
   </div>
   <div class='ocr_carea' id='block_1_7' title="bbox 201 797 1434 868">
    <p class='ocr_par' dir='ltr' id='par_1_7' title="bbox 201 797 1434 868">
     <span class='ocr_line' id='line_1_10' title="bbox 201 797 1434 868; baseline -0.001 -19"><span class='ocrx_word' id='word_1_48' title='bbox 201 797 299 849; x_wconf 79' lang='lat' dir='ltr'>Ml.</span> <span class='ocrx_word' id='word_1_49' title='bbox 338 803 450 849; x_wconf 87' lang='lat' dir='ltr'>Scio.</span> <span class='ocrx_word' id='word_1_50' title='bbox 486 798 592 848; x_wconf 83' lang='lat' dir='ltr'>DE.</span> <span class='ocrx_word' id='word_1_51' title='bbox 631 817 786 868; x_wconf 85' lang='lat' dir='ltr'>parere</span> <span class='ocrx_word' id='word_1_52' title='bbox 820 802 905 848; x_wconf 87' lang='lat' dir='ltr'>iam</span> <span class='ocrx_word' id='word_1_53' title='bbox 939 801 1014 848; x_wconf 88' lang='lat' dir='ltr'>diu</span> <span class='ocrx_word' id='word_1_54' title='bbox 1047 800 1153 847; x_wconf 85' lang='lat' dir='ltr'>haec</span> <span class='ocrx_word' id='word_1_55' title='bbox 1184 816 1265 867; x_wconf 85' lang='lat' dir='ltr'>per</span> <span class='ocrx_word' id='word_1_56' title='bbox 1296 818 1434 848; x_wconf 82' lang='lat' dir='ltr'>annos</span> 
     </span>
    </p>
   </div>
   <div class='ocr_carea' id='block_1_8' title="bbox 299 873 629 946">
    <p class='ocr_par' dir='ltr' id='par_1_8' title="bbox 299 873 629 946">
     <span class='ocr_line' id='line_1_11' title="bbox 299 873 629 946; baseline -0.015 -21"><span class='ocrx_word' id='word_1_57' title='bbox 299 893 393 926; x_wconf 85' lang='lat' dir='ltr'>non</span> <span class='ocrx_word' id='word_1_58' title='bbox 413 873 579 946; x_wconf 83' lang='lat' dir='ltr'>potest:</span> <span class='ocrx_word' id='word_1_59' title='bbox 623 913 629 919; x_wconf 84' lang='lat'><strong>.</strong></span> 
     </span>
    </p>
   </div>
   <div class='ocr_carea' id='block_1_9' title="bbox 68 1077 739 2643">
    <p class='ocr_par' dir='ltr' id='par_1_9' title="bbox 69 1077 729 1244">
     <span class='ocr_line' id='line_1_12' title="bbox 71 1077 728 1133; baseline -0.005 -14"><span class='ocrx_word' id='word_1_60' title='bbox 71 1093 106 1119; x_wconf 82' lang='lat' dir='ltr'>te</span> <span class='ocrx_word' id='word_1_61' title='bbox 127 1090 288 1132; x_wconf 73' lang='lat' dir='ltr'>operam,</span> <span class='ocrx_word' id='word_1_62' title='bbox 317 1090 362 1118; x_wconf 82' lang='lat' dir='ltr'>vt</span> <span class='ocrx_word' id='word_1_63' title='bbox 376 1078 463 1133; x_wconf 86' lang='lat' dir='ltr'>fiat,</span> <span class='ocrx_word' id='word_1_64' title='bbox 483 1077 582 1118; x_wconf 87' lang='lat' dir='ltr'>dare.</span> <span class='ocrx_word' id='word_1_65' title='bbox 639 1079 728 1119; x_wconf 86' lang='lat' dir='ltr'>Hoc</span> 
     </span>
     <span class='ocr_line' id='line_1_13' title="bbox 69 1133 729 1188; baseline -0.005 -13"><span class='ocrx_word' id='word_1_66' title='bbox 69 1133 360 1175; x_wconf 83' lang='lat' dir='ltr'>adolescentem</span> <span class='ocrx_word' id='word_1_67' title='bbox 381 1134 505 1188; x_wconf 84' lang='lat' dir='ltr'>(adde</span> <span class='ocrx_word' id='word_1_68' title='bbox 524 1147 646 1174; x_wconf 83' lang='lat' dir='ltr'>monet</span> <span class='ocrx_word' id='word_1_69' title='bbox 668 1135 729 1187; x_wconf 88' lang='lat' dir='ltr'>Z.)</span> 
     </span>
     <span class='ocr_line' id='line_1_14' title="bbox 70 1189 667 1244; baseline 0 -14"><span class='ocrx_word' id='word_1_70' title='bbox 70 1204 108 1231; x_wconf 85' lang='lat' dir='ltr'>vt</span> <span class='ocrx_word' id='word_1_71' title='bbox 120 1204 158 1231; x_wconf 92' lang='lat' dir='ltr'>et</span> <span class='ocrx_word' id='word_1_72' title='bbox 177 1189 298 1244; x_wconf 88' lang='lat' dir='ltr'>ipsum</span> <span class='ocrx_word' id='word_1_73' title='bbox 310 1202 457 1244; x_wconf 84' lang='lat' dir='ltr'>patrem</span> <span class='ocrx_word' id='word_1_74' title='bbox 471 1201 596 1244; x_wconf 86' lang='lat' dir='ltr'>cogat.</span> <span class='ocrx_word' id='word_1_75' title='bbox 624 1193 667 1231; x_wconf 92' lang='lat' dir='ltr'>E.</span> 
     </span>
    </p>

    <p class='ocr_par' dir='ltr' id='par_1_10' title="bbox 70 1246 731 1403">
     <span class='ocr_line' id='line_1_15' title="bbox 125 1246 724 1301; baseline -0.007 -11"><span class='ocrx_word' id='word_1_76' title='bbox 125 1253 257 1290; x_wconf 87' lang='lat' dir='ltr'><strong>Deme</strong></span> <span class='ocrx_word' id='word_1_77' title='bbox 293 1246 620 1301; x_wconf 84' lang='lat' dir='ltr'>praepofitionem</span> <span class='ocrx_word' id='word_1_78' title='bbox 665 1248 724 1295; x_wconf 85' lang='lat' dir='ltr'>In,</span> 
     </span>
     <span class='ocr_line' id='line_1_16' title="bbox 70 1303 731 1345; baseline 0.003 -2"><span class='ocrx_word' id='word_1_79' title='bbox 70 1303 405 1344; x_wconf 86' lang='lat' dir='ltr'>consentientibus</span> <span class='ocrx_word' id='word_1_80' title='bbox 422 1303 560 1344; x_wconf 85' lang='lat' dir='ltr'>nostris</span> <span class='ocrx_word' id='word_1_81' title='bbox 571 1314 611 1342; x_wconf 94' lang='lat' dir='ltr'>et</span> <span class='ocrx_word' id='word_1_82' title='bbox 621 1305 648 1343; x_wconf 87' lang='lat' dir='ltr'>F</span> <span class='ocrx_word' id='word_1_83' title='bbox 650 1317 731 1345; x_wconf 79' lang='lat' dir='ltr'>aer·</span> 
     </span>
     <span class='ocr_line' id='line_1_17' title="bbox 71 1359 665 1403; baseline 0 -3"><span class='ocrx_word' id='word_1_84' title='bbox 71 1362 113 1400; x_wconf 86' lang='lat' dir='ltr'>ni</span> <span class='ocrx_word' id='word_1_85' title='bbox 136 1360 243 1399; x_wconf 84' lang='lat' dir='ltr'>libris</span> <span class='ocrx_word' id='word_1_86' title='bbox 265 1359 351 1400; x_wconf 85' lang='lat' dir='ltr'>fere</span> <span class='ocrx_word' id='word_1_87' title='bbox 370 1359 567 1403; x_wconf 85' lang='lat' dir='ltr'>omnibus.</span> <span class='ocrx_word' id='word_1_88' title='bbox 625 1364 665 1400; x_wconf 93' lang='lat' dir='ltr'>B.</span> 
     </span>
    </p>

    <p class='ocr_par' dir='ltr' id='par_1_11' title="bbox 68 1415 732 1911">
     <span class='ocr_line' id='line_1_18' title="bbox 125 1415 731 1471; baseline -0.003 -15"><span class='ocrx_word' id='word_1_89' title='bbox 125 1431 152 1471; x_wconf 88' lang='lat'>4</span> <span class='ocrx_word' id='word_1_90' title='bbox 185 1417 325 1465; x_wconf 89' lang='lat' dir='ltr'><em>Colere,</em></span> <span class='ocrx_word' id='word_1_91' title='bbox 348 1417 539 1462; x_wconf 83' lang='lat' dir='ltr'>adiuuare,</span> <span class='ocrx_word' id='word_1_92' title='bbox 560 1415 731 1470; x_wconf 83' lang='lat' dir='ltr'>adiunge·</span> 
     </span>
     <span class='ocr_line' id='line_1_19' title="bbox 71 1473 731 1524; baseline -0.002 -11"><span class='ocrx_word' id='word_1_93' title='bbox 71 1485 127 1524; x_wconf 82' lang='lat' dir='ltr'>re]</span> <span class='ocrx_word' id='word_1_94' title='bbox 160 1473 294 1522; x_wconf 86' lang='lat' dir='ltr'><em>Colere,</em></span> <span class='ocrx_word' id='word_1_95' title='bbox 319 1473 366 1511; x_wconf 84' lang='lat' dir='ltr'>ad</span> <span class='ocrx_word' id='word_1_96' title='bbox 387 1487 527 1511; x_wconf 86' lang='lat' dir='ltr'>nurum</span> <span class='ocrx_word' id='word_1_97' title='bbox 539 1474 731 1523; x_wconf 80' lang='lat' dir='ltr'>pertinet:</span> 
     </span>
     <span class='ocr_line' id='line_1_20' title="bbox 68 1528 730 1581; baseline -0.005 -12"><span class='ocrx_word' id='word_1_98' title='bbox 68 1529 282 1577; x_wconf 61' lang='lat' dir='ltr'>Athaman,</span> <span class='ocrx_word' id='word_1_99' title='bbox 309 1528 357 1568; x_wconf 87' lang='lat' dir='ltr'>ad</span> <span class='ocrx_word' id='word_1_100' title='bbox 378 1529 623 1581; x_wconf 85' lang='lat' dir='ltr'>Hegionem:</span> <span class='ocrx_word' id='word_1_101' title='bbox 656 1528 730 1567; x_wconf 83' lang='lat' dir='ltr'>Ad-</span> 
     </span>
     <span class='ocr_line' id='line_1_21' title="bbox 72 1583 731 1640; baseline -0.005 -16"><span class='ocrx_word' id='word_1_102' title='bbox 72 1589 236 1640; x_wconf 83' lang='lat' dir='ltr'>iungere,</span> <span class='ocrx_word' id='word_1_103' title='bbox 254 1584 302 1624; x_wconf 90' lang='lat' dir='ltr'>ad</span> <span class='ocrx_word' id='word_1_104' title='bbox 317 1583 534 1624; x_wconf 83' lang='lat' dir='ltr'>Sostratam.</span> <span class='ocrx_word' id='word_1_105' title='bbox 593 1586 642 1624; x_wconf 88' lang='lat' dir='ltr'>Et</span> <span class='ocrx_word' id='word_1_106' title='bbox 662 1595 731 1622; x_wconf 83' lang='lat' dir='ltr'>no-</span> 
     </span>
     <span class='ocr_line' id='line_1_22' title="bbox 72 1637 731 1690; baseline -0.005 -10"><span class='ocrx_word' id='word_1_107' title='bbox 72 1642 233 1681; x_wconf 85' lang='lat' dir='ltr'>tandum</span> <span class='ocrx_word' id='word_1_108' title='bbox 269 1640 353 1681; x_wconf 74' lang='lat' dir='ltr'><em>cola·</em></span> <span class='ocrx_word' id='word_1_109' title='bbox 387 1653 409 1679; x_wconf 87' lang='lat' dir='ltr'>a</span> <span class='ocrx_word' id='word_1_110' title='bbox 442 1637 653 1690; x_wconf 82' lang='lat' dir='ltr'>superiore.</span> <span class='ocrx_word' id='word_1_111' title='bbox 693 1650 731 1677; x_wconf 88' lang='lat' dir='ltr'>vt</span> 
     </span>
     <span class='ocr_line' id='line_1_23' title="bbox 70 1694 731 1749; baseline -0.011 -10"><span class='ocrx_word' id='word_1_112' title='bbox 70 1701 193 1749; x_wconf 89' lang='lat' dir='ltr'>(Aen.</span> <span class='ocrx_word' id='word_1_113' title='bbox 212 1710 242 1743; x_wconf 87' lang='lat'>1,</span> <span class='ocrx_word' id='word_1_114' title='bbox 266 1697 327 1738; x_wconf 87' lang='lat'>16.</span> <span class='ocrx_word' id='word_1_115' title='bbox 358 1694 572 1747; x_wconf 72' lang='lat' dir='ltr'>posthabita</span> <span class='ocrx_word' id='word_1_116' title='bbox 591 1694 731 1747; x_wconf 75' lang='lat' dir='ltr'>coluisse</span> 
     </span>
     <span class='ocr_line' id='line_1_24' title="bbox 73 1751 732 1801; baseline -0.006 -7"><span class='ocrx_word' id='word_1_117' title='bbox 73 1754 206 1801; x_wconf 85' lang='lat' dir='ltr'>Samo;</span> <span class='ocrx_word' id='word_1_118' title='bbox 241 1751 299 1791; x_wconf 82' lang='lat' dir='ltr'>hic</span> <span class='ocrx_word' id='word_1_119' title='bbox 330 1751 426 1791; x_wconf 78' lang='lat' dir='ltr'>illius</span> <span class='ocrx_word' id='word_1_120' title='bbox 452 1765 570 1791; x_wconf 86' lang='lat' dir='ltr'>arma.</span> <span class='ocrx_word' id='word_1_121' title='bbox 630 1752 732 1792; x_wconf 78' lang='lat' dir='ltr'>Cole-</span> 
     </span>
     <span class='ocr_line' id='line_1_25' title="bbox 72 1805 730 1865; baseline -0.008 -16"><span class='ocrx_word' id='word_1_122' title='bbox 72 1810 130 1865; x_wconf 83' lang='lat' dir='ltr'>re]</span> <span class='ocrx_word' id='word_1_123' title='bbox 160 1807 393 1851; x_wconf 87' lang='lat' dir='ltr'>Subauditur</span> <span class='ocrx_word' id='word_1_124' title='bbox 402 1805 521 1856; x_wconf 87' lang='lat' dir='ltr'>Iubeo,</span> <span class='ocrx_word' id='word_1_125' title='bbox 542 1820 612 1860; x_wconf 87' lang='lat' dir='ltr'>per</span> <span class='ocrx_word' id='word_1_126' title='bbox 632 1811 730 1855; x_wconf 75' lang='grc' dir='ltr'><em>ξεῦγ-</em></span> 
     </span>
     <span class='ocr_line' id='line_1_26' title="bbox 75 1867 244 1911; baseline -0.036 0"><span class='ocrx_word' id='word_1_127' title='bbox 75 1884 137 1911; x_wconf 68' lang='lat' dir='ltr'>ux.</span> <span class='ocrx_word' id='word_1_128' title='bbox 196 1867 244 1905; x_wconf 92' lang='lat' dir='ltr'>D.</span> 
     </span>
    </p>

    <p class='ocr_par' dir='ltr' id='par_1_12' title="bbox 74 1917 731 2255">
     <span class='ocr_line' id='line_1_27' title="bbox 128 1917 729 1975; baseline 0 -16"><span class='ocrx_word' id='word_1_129' title='bbox 128 1935 151 1975; x_wconf 85' lang='lat'><em>5</em></span> <span class='ocrx_word' id='word_1_130' title='bbox 183 1922 261 1960; x_wconf 87' lang='lat' dir='ltr'>Imo</span> <span class='ocrx_word' id='word_1_131' title='bbox 291 1918 408 1959; x_wconf 80' lang='lat' dir='ltr'>hercle</span> <span class='ocrx_word' id='word_1_132' title='bbox 425 1920 479 1957; x_wconf 86' lang='lat' dir='ltr'>ita</span> <span class='ocrx_word' id='word_1_133' title='bbox 495 1917 597 1959; x_wconf 83' lang='lat' dir='ltr'>nobis</span> <span class='ocrx_word' id='word_1_134' title='bbox 613 1919 729 1974; x_wconf 67' lang='lat' dir='ltr'>decen]</span> 
     </span>
     <span class='ocr_line' id='line_1_28' title="bbox 75 1974 731 2028; baseline -0.003 -11"><span class='ocrx_word' id='word_1_135' title='bbox 75 1977 239 2028; x_wconf 77' lang='lat' dir='ltr'>Antiqui</span> <span class='ocrx_word' id='word_1_136' title='bbox 256 1975 282 2015; x_wconf 78' lang='lat' dir='ltr'>si</span> <span class='ocrx_word' id='word_1_137' title='bbox 301 1974 496 2013; x_wconf 84' lang='lat' dir='ltr'>addebant</span> <span class='ocrx_word' id='word_1_138' title='bbox 517 1974 638 2014; x_wconf 86' lang='lat' dir='ltr'>ssatim</span> <span class='ocrx_word' id='word_1_139' title='bbox 652 1988 731 2015; x_wconf 82' lang='lat' dir='ltr'>ver-</span> 
     </span>
     <span class='ocr_line' id='line_1_29' title="bbox 76 2031 731 2083; baseline -0.003 -10"><span class='ocrx_word' id='word_1_140' title='bbox 76 2034 182 2080; x_wconf 87' lang='lat' dir='ltr'>bum,</span> <span class='ocrx_word' id='word_1_141' title='bbox 203 2035 275 2071; x_wconf 85' lang='lat' dir='ltr'>Nos</span> <span class='ocrx_word' id='word_1_142' title='bbox 295 2031 391 2070; x_wconf 82' lang='lat' dir='ltr'>decet</span> <span class='ocrx_word' id='word_1_143' title='bbox 403 2031 548 2083; x_wconf 68' lang='lat' dir='ltr'>sincere,</span> <span class='ocrx_word' id='word_1_144' title='bbox 569 2031 655 2072; x_wconf 82' lang='lat' dir='ltr'>Nos</span> <span class='ocrx_word' id='word_1_145' title='bbox 674 2032 731 2072; x_wconf 85' lang='lat' dir='ltr'>de·</span> 
     </span>
     <span class='ocr_line' id='line_1_30' title="bbox 75 2086 730 2137; baseline -0.002 -9"><span class='ocrx_word' id='word_1_146' title='bbox 75 2102 130 2128; x_wconf 82' lang='lat' dir='ltr'>cet</span> <span class='ocrx_word' id='word_1_147' title='bbox 167 2088 305 2127; x_wconf 86' lang='lat' dir='ltr'>dicere:</span> <span class='ocrx_word' id='word_1_148' title='bbox 344 2086 368 2126; x_wconf 82' lang='lat' dir='ltr'>fi</span> <span class='ocrx_word' id='word_1_149' title='bbox 406 2099 486 2125; x_wconf 89' lang='lat' dir='ltr'>non</span> <span class='ocrx_word' id='word_1_150' title='bbox 522 2086 730 2137; x_wconf 85' lang='lat' dir='ltr'>addebant,</span> 
     </span>
     <span class='ocr_line' id='line_1_31' title="bbox 74 2141 731 2196; baseline 0.005 -15"><span class='ocrx_word' id='word_1_151' title='bbox 74 2144 197 2186; x_wconf 83' lang='lat' dir='ltr'>Nobis</span> <span class='ocrx_word' id='word_1_152' title='bbox 217 2145 325 2190; x_wconf 82' lang='lat' dir='ltr'>decet,</span> <span class='ocrx_word' id='word_1_153' title='bbox 348 2141 530 2182; x_wconf 85' lang='lat' dir='ltr'>dicebant</span> <span class='ocrx_word' id='word_1_154' title='bbox 549 2143 657 2196; x_wconf 91' lang='lat' dir='ltr'>(Vid.</span> <span class='ocrx_word' id='word_1_155' title='bbox 676 2143 731 2184; x_wconf 85' lang='lat' dir='ltr'>su·</span> 
     </span>
     <span class='ocr_line' id='line_1_32' title="bbox 76 2200 511 2255; baseline -0.007 -15"><span class='ocrx_word' id='word_1_156' title='bbox 76 2215 146 2255; x_wconf 88' lang='lat' dir='ltr'>pra</span> <span class='ocrx_word' id='word_1_157' title='bbox 165 2214 231 2248; x_wconf 79' lang='lat'>111,</span> <span class='ocrx_word' id='word_1_158' title='bbox 251 2212 289 2252; x_wconf 89' lang='lat'>4,</span> <span class='ocrx_word' id='word_1_159' title='bbox 306 2200 406 2251; x_wconf 61' lang='lat'><strong>45).</strong></span> <span class='ocrx_word' id='word_1_160' title='bbox 460 2201 511 2238; x_wconf 90' lang='lat' dir='ltr'>D.</span> 
     </span>
    </p>

    <p class='ocr_par' dir='ltr' id='par_1_13' title="bbox 76 2252 739 2643">
     <span class='ocr_line' id='line_1_33' title="bbox 132 2252 733 2306; baseline -0.003 -11"><span class='ocrx_word' id='word_1_161' title='bbox 132 2260 159 2300; x_wconf 93' lang='lat'><em>6</em></span> <span class='ocrx_word' id='word_1_162' title='bbox 199 2256 364 2295; x_wconf 83' lang='lat' dir='ltr'>Primum</span> <span class='ocrx_word' id='word_1_163' title='bbox 393 2252 498 2294; x_wconf 81' lang='lat' dir='ltr'>huius</span> <span class='ocrx_word' id='word_1_164' title='bbox 524 2257 657 2294; x_wconf 83' lang='lat' dir='ltr'>vxoris</span> <span class='ocrx_word' id='word_1_165' title='bbox 685 2254 733 2306; x_wconf 82' lang='lat' dir='ltr'>est</span> 
     </span>
     <span class='ocr_line' id='line_1_34' title="bbox 76 2308 732 2366; baseline -0.006 -13"><span class='ocrx_word' id='word_1_166' title='bbox 76 2313 213 2366; x_wconf 80' lang='lat' dir='ltr'>mater]</span> <span class='ocrx_word' id='word_1_167' title='bbox 256 2311 397 2362; x_wconf 89' lang='lat' dir='ltr'>Incipit</span> <span class='ocrx_word' id='word_1_168' title='bbox 422 2325 444 2349; x_wconf 92' lang='lat' dir='ltr'>a</span> <span class='ocrx_word' id='word_1_169' title='bbox 474 2308 732 2362; x_wconf 63' lang='lat' dir='ltr'>persuasione,</span> 
     </span>
     <span class='ocr_line' id='line_1_35' title="bbox 79 2367 734 2419; baseline -0.008 -10"><span class='ocrx_word' id='word_1_170' title='bbox 79 2368 143 2409; x_wconf 87' lang='lat' dir='ltr'>sed</span> <span class='ocrx_word' id='word_1_171' title='bbox 165 2370 341 2414; x_wconf 84' lang='lat' dir='ltr'>latenter,</span> <span class='ocrx_word' id='word_1_172' title='bbox 362 2367 414 2405; x_wconf 88' lang='lat' dir='ltr'>ita</span> <span class='ocrx_word' id='word_1_173' title='bbox 434 2376 473 2406; x_wconf 83' lang='lat' dir='ltr'>vt</span> <span class='ocrx_word' id='word_1_174' title='bbox 483 2379 526 2406; x_wconf 88' lang='lat' dir='ltr'>ea</span> <span class='ocrx_word' id='word_1_175' title='bbox 538 2379 638 2417; x_wconf 88' lang='lat' dir='ltr'>quae</span> <span class='ocrx_word' id='word_1_176' title='bbox 649 2379 734 2419; x_wconf 82' lang='lat' dir='ltr'>pro-</span> 
     </span>
     <span class='ocr_line' id='line_1_36' title="bbox 78 2421 735 2478; baseline -0.005 -14"><span class='ocrx_word' id='word_1_177' title='bbox 78 2424 199 2478; x_wconf 78' lang='lat' dir='ltr'>posito</span> <span class='ocrx_word' id='word_1_178' title='bbox 227 2421 383 2462; x_wconf 82' lang='lat' dir='ltr'>confilio</span> <span class='ocrx_word' id='word_1_179' title='bbox 418 2422 587 2462; x_wconf 84' lang='lat' dir='ltr'>dicenda</span> <span class='ocrx_word' id='word_1_180' title='bbox 614 2433 735 2470; x_wconf 80' lang='lat' dir='ltr'>erant,</span> 
     </span>
     <span class='ocr_line' id='line_1_37' title="bbox 78 2477 738 2529; baseline -0.006 -9"><span class='ocrx_word' id='word_1_181' title='bbox 78 2492 172 2521; x_wconf 84' lang='lat' dir='ltr'>ante</span> <span class='ocrx_word' id='word_1_182' title='bbox 202 2477 459 2526; x_wconf 89' lang='lat' dir='ltr'>demonstret,</span> <span class='ocrx_word' id='word_1_183' title='bbox 484 2491 607 2529; x_wconf 65' lang='lat' dir='ltr'>,quam</span> <span class='ocrx_word' id='word_1_184' title='bbox 634 2478 738 2517; x_wconf 84' lang='lat' dir='ltr'>dicat</span> 
     </span>
     <span class='ocr_line' id='line_1_38' title="bbox 82 2533 739 2589; baseline -0.008 -12"><span class='ocrx_word' id='word_1_185' title='bbox 82 2538 176 2589; x_wconf 89' lang='lat' dir='ltr'>quid</span> <span class='ocrx_word' id='word_1_186' title='bbox 214 2535 298 2574; x_wconf 79' lang='lat' dir='ltr'>fieri</span> <span class='ocrx_word' id='word_1_187' title='bbox 329 2534 431 2572; x_wconf 72' lang='lat' dir='ltr'>velit.</span> <span class='ocrx_word' id='word_1_188' title='bbox 486 2537 532 2574; x_wconf 91' lang='lat' dir='ltr'>Et</span> <span class='ocrx_word' id='word_1_189' title='bbox 551 2533 623 2572; x_wconf 85' lang='lat' dir='ltr'>hoc</span> <span class='ocrx_word' id='word_1_190' title='bbox 646 2533 739 2573; x_wconf 83' lang='lat' dir='ltr'>sem-</span> 
     </span>
     <span class='ocr_line' id='line_1_39' title="bbox 81 2588 737 2643; baseline -0.008 -10"><span class='ocrx_word' id='word_1_191' title='bbox 81 2606 154 2643; x_wconf 82' lang='lat' dir='ltr'>per</span> <span class='ocrx_word' id='word_1_192' title='bbox 174 2591 215 2632; x_wconf 81' lang='lat' dir='ltr'>fit</span> <span class='ocrx_word' id='word_1_193' title='bbox 232 2591 278 2630; x_wconf 86' lang='lat' dir='ltr'>ab</span> <span class='ocrx_word' id='word_1_194' title='bbox 303 2588 517 2628; x_wconf 83' lang='lat' dir='ltr'>oratoribus</span> <span class='ocrx_word' id='word_1_195' title='bbox 541 2591 580 2628; x_wconf 89' lang='lat' dir='ltr'>in</span> <span class='ocrx_word' id='word_1_196' title='bbox 602 2591 660 2629; x_wconf 71' lang='lat' dir='ltr'>bis</span> <span class='ocrx_word' id='word_1_197' title='bbox 684 2603 737 2629; x_wconf 83' lang='lat' dir='ltr'>re-</span> 
     </span>
    </p>
   </div>
   <div class='ocr_carea' id='block_1_10' title="bbox 80 2646 741 2700">
    <p class='ocr_par' dir='ltr' id='par_1_14' title="bbox 80 2646 741 2700">
     <span class='ocr_line' id='line_1_40' title="bbox 80 2646 741 2700; baseline -0.003 -12"><span class='ocrx_word' id='word_1_198' title='bbox 80 2650 172 2696; x_wconf 89' lang='lat' dir='ltr'>bus,</span> <span class='ocrx_word' id='word_1_199' title='bbox 203 2662 224 2688; x_wconf 87' lang='lat' dir='ltr'>a</span> <span class='ocrx_word' id='word_1_200' title='bbox 245 2646 383 2700; x_wconf 84' lang='lat' dir='ltr'>quibus</span> <span class='ocrx_word' id='word_1_201' title='bbox 403 2646 581 2699; x_wconf 82' lang='lat' dir='ltr'>incipere</span> <span class='ocrx_word' id='word_1_202' title='bbox 597 2659 679 2687; x_wconf 83' lang='lat' dir='ltr'>non</span> <span class='ocrx_word' id='word_1_203' title='bbox 700 2654 741 2686; x_wconf 81' lang='lat' dir='ltr'>o·</span> 
     </span>
    </p>
   </div>
   <div class='ocr_carea' id='block_1_11' title="bbox 1318 956 1434 1007">
    <p class='ocr_par' dir='ltr' id='par_1_15' title="bbox 1318 956 1434 1007">
     <span class='ocr_line' id='line_1_41' title="bbox 1318 956 1434 1007; baseline -0.017 -5"><span class='ocrx_word' id='word_1_204' title='bbox 1318 956 1434 1007; x_wconf 87' lang='lat' dir='ltr'>Nec,</span> 
     </span>
    </p>
   </div>
   <div class='ocr_carea' id='block_1_12' title="bbox 777 1076 1442 1635">
    <p class='ocr_par' dir='ltr' id='par_1_16' title="bbox 777 1076 1442 1635">
     <span class='ocr_line' id='line_1_42' title="bbox 777 1076 1433 1131; baseline -0.003 -14"><span class='ocrx_word' id='word_1_205' title='bbox 777 1088 908 1131; x_wconf 84' lang='lat' dir='ltr'>portet</span> <span class='ocrx_word' id='word_1_206' title='bbox 944 1089 1101 1130; x_wconf 83' lang='lat' dir='ltr'>propter</span> <span class='ocrx_word' id='word_1_207' title='bbox 1138 1076 1433 1130; x_wconf 84' lang='lat' dir='ltr'>turpitudinem,</span> 
     </span>
     <span class='ocr_line' id='line_1_43' title="bbox 777 1134 1440 1184; baseline -0.003 -11"><span class='ocrx_word' id='word_1_208' title='bbox 777 1145 842 1174; x_wconf 88' lang='lat' dir='ltr'>aut</span> <span class='ocrx_word' id='word_1_209' title='bbox 860 1134 1220 1174; x_wconf 75' lang='lat' dir='ltr'>incommoditatem</span> <span class='ocrx_word' id='word_1_210' title='bbox 1241 1134 1309 1180; x_wconf 90' lang='lat' dir='ltr'>rei,</span> <span class='ocrx_word' id='word_1_211' title='bbox 1338 1146 1440 1184; x_wconf 81' lang='lat' dir='ltr'>quae</span> 
     </span>
     <span class='ocr_line' id='line_1_44' title="bbox 777 1188 1440 1244; baseline 0 -15"><span class='ocrx_word' id='word_1_212' title='bbox 777 1190 1045 1244; x_wconf 79' lang='lat' dir='ltr'>persuadenda</span> <span class='ocrx_word' id='word_1_213' title='bbox 1091 1190 1154 1230; x_wconf 94' lang='lat' dir='ltr'>est.</span> <span class='ocrx_word' id='word_1_214' title='bbox 1227 1188 1440 1231; x_wconf 70' lang='lat' dir='ltr'>Considera</span> 
     </span>
     <span class='ocr_line' id='line_1_45' title="bbox 777 1247 1438 1301; baseline -0.002 -14"><span class='ocrx_word' id='word_1_215' title='bbox 777 1247 877 1287; x_wconf 90' lang='lat' dir='ltr'>adeo</span> <span class='ocrx_word' id='word_1_216' title='bbox 896 1248 1000 1301; x_wconf 83' lang='lat' dir='ltr'>apud</span> <span class='ocrx_word' id='word_1_217' title='bbox 1019 1247 1227 1300; x_wconf 83' lang='lat' dir='ltr'>Virgilium</span> <span class='ocrx_word' id='word_1_218' title='bbox 1255 1249 1375 1298; x_wconf 82' lang='lat' dir='ltr'>(Aen.</span> <span class='ocrx_word' id='word_1_219' title='bbox 1397 1259 1438 1295; x_wconf 93' lang='lat' dir='ltr'>v,</span> 
     </span>
     <span class='ocr_line' id='line_1_46' title="bbox 778 1300 1440 1355; baseline 0.002 -16"><span class='ocrx_word' id='word_1_220' title='bbox 778 1305 917 1355; x_wconf 61' lang='lat'>606),</span> <span class='ocrx_word' id='word_1_221' title='bbox 948 1303 1011 1342; x_wconf 80' lang='lat' dir='ltr'>vbi</span> <span class='ocrx_word' id='word_1_222' title='bbox 1039 1300 1240 1355; x_wconf 82' lang='lat' dir='ltr'>persuadet</span> <span class='ocrx_word' id='word_1_223' title='bbox 1264 1302 1440 1342; x_wconf 83' lang='lat' dir='ltr'>Iris-ma·</span> 
     </span>
     <span class='ocr_line' id='line_1_47' title="bbox 779 1357 1438 1407; baseline -0.003 -8"><span class='ocrx_word' id='word_1_224' title='bbox 779 1359 909 1407; x_wconf 87' lang='lat' dir='ltr'>tribus,</span> <span class='ocrx_word' id='word_1_225' title='bbox 930 1371 967 1398; x_wconf 83' lang='lat' dir='ltr'>vt</span> <span class='ocrx_word' id='word_1_226' title='bbox 977 1372 1095 1399; x_wconf 84' lang='lat' dir='ltr'>naues</span> <span class='ocrx_word' id='word_1_227' title='bbox 1108 1357 1189 1398; x_wconf 85' lang='lat' dir='ltr'>suas</span> <span class='ocrx_word' id='word_1_228' title='bbox 1201 1357 1438 1398; x_wconf 85' lang='lat' dir='ltr'>incendant:</span> 
     </span>
     <span class='ocr_line' id='line_1_48' title="bbox 780 1412 1442 1467; baseline -0.009 -11"><span class='ocrx_word' id='word_1_229' title='bbox 780 1426 820 1456; x_wconf 88' lang='lat' dir='ltr'>et</span> <span class='ocrx_word' id='word_1_230' title='bbox 839 1416 1021 1456; x_wconf 88' lang='lat' dir='ltr'>inuenies</span> <span class='ocrx_word' id='word_1_231' title='bbox 1044 1415 1116 1454; x_wconf 89' lang='lat' dir='ltr'>hoc</span> <span class='ocrx_word' id='word_1_232' title='bbox 1142 1413 1265 1467; x_wconf 88' lang='lat' dir='ltr'>ipsum</span> <span class='ocrx_word' id='word_1_233' title='bbox 1291 1412 1442 1452; x_wconf 78' lang='lat' dir='ltr'>confili-</span> 
     </span>
     <span class='ocr_line' id='line_1_49' title="bbox 780 1469 1441 1523; baseline -0.005 -13"><span class='ocrx_word' id='word_1_234' title='bbox 780 1485 847 1510; x_wconf 88' lang='lat' dir='ltr'>um</span> <span class='ocrx_word' id='word_1_235' title='bbox 880 1473 1053 1511; x_wconf 83' lang='lat' dir='ltr'>vltimnm</span> <span class='ocrx_word' id='word_1_236' title='bbox 1088 1472 1183 1523; x_wconf 87' lang='lat' dir='ltr'>poni</span> <span class='ocrx_word' id='word_1_237' title='bbox 1210 1469 1292 1521; x_wconf 90' lang='lat' dir='ltr'>post</span> <span class='ocrx_word' id='word_1_238' title='bbox 1326 1482 1441 1522; x_wconf 75' lang='lat' dir='ltr'>argu-</span> 
     </span>
     <span class='ocr_line' id='line_1_50' title="bbox 779 1526 1442 1579; baseline -0.006 -11"><span class='ocrx_word' id='word_1_239' title='bbox 779 1537 915 1568; x_wconf 85' lang='lat' dir='ltr'>menta</span> <span class='ocrx_word' id='word_1_240' title='bbox 933 1528 1225 1579; x_wconf 84' lang='lat' dir='ltr'>quamplurima,</span> <span class='ocrx_word' id='word_1_241' title='bbox 1247 1526 1442 1578; x_wconf 76' lang='lat' dir='ltr'>Quirzagi-</span> 
     </span>
     <span class='ocr_line' id='line_1_51' title="bbox 779 1582 1441 1635; baseline -0.008 -12"><span class='ocrx_word' id='word_1_242' title='bbox 779 1596 834 1631; x_wconf 86' lang='lat' dir='ltr'>te,</span> <span class='ocrx_word' id='word_1_243' title='bbox 863 1595 898 1622; x_wconf 85' lang='lat' dir='ltr'>et</span> <span class='ocrx_word' id='word_1_244' title='bbox 925 1595 1060 1623; x_wconf 86' lang='lat' dir='ltr'>mecum</span> <span class='ocrx_word' id='word_1_245' title='bbox 1086 1582 1270 1635; x_wconf 80' lang='lat' dir='ltr'>infhustas</span> <span class='ocrx_word' id='word_1_246' title='bbox 1290 1593 1441 1620; x_wconf 76' lang='lat' dir='ltr'>exurite</span> 
     </span>
    </p>
   </div>
   <div class='ocr_carea' id='block_1_13' title="bbox 774 1637 1438 1694">
    <p class='ocr_par' dir='ltr' id='par_1_17' title="bbox 774 1637 1438 1694">
     <span class='ocr_line' id='line_1_52' title="bbox 774 1637 1438 1694; baseline -0.002 -17"><span class='ocrx_word' id='word_1_247' title='bbox 774 1650 922 1694; x_wconf 81' lang='lat' dir='ltr'>puppes.</span> <span class='ocrx_word' id='word_1_248' title='bbox 979 1642 1026 1678; x_wconf 79' lang='lat' dir='ltr'>Et</span> <span class='ocrx_word' id='word_1_249' title='bbox 1047 1639 1202 1677; x_wconf 88' lang='lat' dir='ltr'>initium</span> <span class='ocrx_word' id='word_1_250' title='bbox 1222 1652 1244 1676; x_wconf 86' lang='lat' dir='ltr'>a</span> <span class='ocrx_word' id='word_1_251' title='bbox 1270 1637 1438 1690; x_wconf 68' lang='lat' dir='ltr'>possibili</span> 
     </span>
    </p>
   </div>
   <div class='ocr_carea' id='block_1_14' title="bbox 779 1693 1446 2755">
    <p class='ocr_par' dir='ltr' id='par_1_18' title="bbox 779 1693 1440 1802">
     <span class='ocr_line' id='line_1_53' title="bbox 779 1693 1440 1744; baseline -0.002 -9"><span class='ocrx_word' id='word_1_252' title='bbox 779 1694 922 1735; x_wconf 68' lang='lat' dir='ltr'>fa&amp;um</span> <span class='ocrx_word' id='word_1_253' title='bbox 952 1695 1027 1734; x_wconf 87' lang='lat' dir='ltr'>est:</span> <span class='ocrx_word' id='word_1_254' title='bbox 1059 1708 1149 1734; x_wconf 82' lang='lat' dir='ltr'>nam</span> <span class='ocrx_word' id='word_1_255' title='bbox 1176 1693 1286 1744; x_wconf 86' lang='lat' dir='ltr'>dicit,</span> <span class='ocrx_word' id='word_1_256' title='bbox 1315 1694 1440 1735; x_wconf 76' lang='lat' dir='ltr'>Huius</span> 
     </span>
     <span class='ocr_line' id='line_1_54' title="bbox 779 1749 1234 1802; baseline -0.004 -10"><span class='ocrx_word' id='word_1_257' title='bbox 779 1754 914 1792; x_wconf 71' lang='lat' dir='ltr'>vxoris</span> <span class='ocrx_word' id='word_1_258' title='bbox 932 1749 979 1802; x_wconf 84' lang='lat' dir='ltr'>est</span> <span class='ocrx_word' id='word_1_259' title='bbox 997 1764 1126 1791; x_wconf 82' lang='lat' dir='ltr'>mater.</span> <span class='ocrx_word' id='word_1_260' title='bbox 1183 1754 1234 1793; x_wconf 87' lang='lat' dir='ltr'>D.</span> 
     </span>
    </p>

    <p class='ocr_par' dir='ltr' id='par_1_19' title="bbox 780 1803 1442 2143">
     <span class='ocr_line' id='line_1_55' title="bbox 800 1803 1439 1860; baseline -0.005 -11"><span class='ocrx_word' id='word_1_261' title='bbox 800 1804 974 1860; x_wconf 44' lang='lat' dir='ltr'>‚Versus</span> <span class='ocrx_word' id='word_1_262' title='bbox 1022 1807 1125 1847; x_wconf 64' lang='lat' dir='ltr'>refie</span> <span class='ocrx_word' id='word_1_263' title='bbox 1163 1806 1362 1859; x_wconf 88' lang='lat' dir='ltr'>procedit,</span> <span class='ocrx_word' id='word_1_264' title='bbox 1410 1803 1439 1846; x_wconf 80' lang='lat' dir='ltr'>fi</span> 
     </span>
     <span class='ocr_line' id='line_1_56' title="bbox 780 1862 1440 1916; baseline -0.006 -12"><span class='ocrx_word' id='word_1_265' title='bbox 780 1863 1052 1904; x_wconf 82' lang='lat' dir='ltr'>emendaueris</span> <span class='ocrx_word' id='word_1_266' title='bbox 1074 1863 1212 1907; x_wconf 80' lang='lat' dir='ltr'>onri‚.</span> <span class='ocrx_word' id='word_1_267' title='bbox 1240 1875 1278 1902; x_wconf 90' lang='lat' dir='ltr'>et</span> <span class='ocrx_word' id='word_1_268' title='bbox 1297 1862 1440 1916; x_wconf 80' lang='lat' dir='ltr'>legeris</span> 
     </span>
     <span class='ocr_line' id='line_1_57' title="bbox 782 1917 1442 1960; baseline -0.006 0"><span class='ocrx_word' id='word_1_269' title='bbox 782 1934 871 1960; x_wconf 91' lang='lat' dir='ltr'>cum</span> <span class='ocrx_word' id='word_1_270' title='bbox 889 1919 985 1960; x_wconf 88' lang='lat' dir='ltr'>Edd.</span> <span class='ocrx_word' id='word_1_271' title='bbox 1015 1930 1103 1958; x_wconf 88' lang='lat' dir='ltr'>vett.</span> <span class='ocrx_word' id='word_1_272' title='bbox 1142 1930 1182 1958; x_wconf 82' lang='lat' dir='ltr'>et</span> <span class='ocrx_word' id='word_1_273' title='bbox 1207 1933 1284 1958; x_wconf 85' lang='lat' dir='ltr'>vno</span> <span class='ocrx_word' id='word_1_274' title='bbox 1309 1917 1442 1957; x_wconf 75' lang='lat' dir='ltr'>nosti-0</span> 
     </span>
     <span class='ocr_line' id='line_1_58' title="bbox 781 1974 1440 2029; baseline -0.006 -11"><span class='ocrx_word' id='word_1_275' title='bbox 781 1976 883 2018; x_wconf 87' lang='lat' dir='ltr'>Cod.</span> <span class='ocrx_word' id='word_1_276' title='bbox 897 1975 970 2027; x_wconf 83' lang='lat' dir='ltr'>Est.</span> <span class='ocrx_word' id='word_1_277' title='bbox 1001 1974 1108 2029; x_wconf 68' lang='lat' dir='ltr'>Quid</span> <span class='ocrx_word' id='word_1_278' title='bbox 1113 1974 1261 2028; x_wconf 83' lang='lat' dir='ltr'>postea?</span> <span class='ocrx_word' id='word_1_279' title='bbox 1290 1974 1440 2016; x_wconf 83' lang='lat' dir='ltr'>Eadem</span> 
     </span>
     <span class='ocr_line' id='line_1_59' title="bbox 781 2030 1439 2083; baseline 0 -11"><span class='ocrx_word' id='word_1_280' title='bbox 781 2031 1010 2072; x_wconf 60' lang='lat' dir='ltr'>construetio</span> <span class='ocrx_word' id='word_1_281' title='bbox 1039 2042 1143 2072; x_wconf 87' lang='lat' dir='ltr'>extat</span> <span class='ocrx_word' id='word_1_282' title='bbox 1170 2030 1274 2073; x_wconf 84' lang='lat' dir='ltr'>And.</span> <span class='ocrx_word' id='word_1_283' title='bbox 1303 2043 1369 2078; x_wconf 83' lang='grc' dir='ltr'>ιν,</span> <span class='ocrx_word' id='word_1_284' title='bbox 1399 2044 1439 2083; x_wconf 86' lang='lat'>4.</span> 
     </span>
     <span class='ocr_line' id='line_1_60' title="bbox 783 2091 944 2143; baseline -0.025 -13"><span class='ocrx_word' id='word_1_285' title='bbox 783 2102 847 2143; x_wconf 83' lang='lat'>50.</span> <span class='ocrx_word' id='word_1_286' title='bbox 904 2091 944 2128; x_wconf 89' lang='grc' dir='ltr'>Β.</span> 
     </span>
    </p>

    <p class='ocr_par' dir='ltr' id='par_1_20' title="bbox 782 2139 1446 2578">
     <span class='ocr_line' id='line_1_61' title="bbox 833 2139 1441 2197; baseline -0.005 -14"><span class='ocrx_word' id='word_1_287' title='bbox 833 2156 862 2197; x_wconf 87' lang='grc'><strong><em>7</em></strong></span> <span class='ocrx_word' id='word_1_288' title='bbox 890 2143 1022 2183; x_wconf 89' lang='lat' dir='ltr'><em>Proba</em></span> <span class='ocrx_word' id='word_1_289' title='bbox 1051 2157 1087 2183; x_wconf 85' lang='lat' dir='ltr'>et</span> <span class='ocrx_word' id='word_1_290' title='bbox 1111 2139 1285 2195; x_wconf 75' lang='lat' dir='ltr'>modesta]</span> <span class='ocrx_word' id='word_1_291' title='bbox 1316 2140 1441 2180; x_wconf 83' lang='lat' dir='ltr'><em>Proba</em></span> 
     </span>
     <span class='ocr_line' id='line_1_62' title="bbox 782 2198 1441 2250; baseline -0.005 -10"><span class='ocrx_word' id='word_1_292' title='bbox 782 2200 873 2240; x_wconf 81' lang='lat' dir='ltr'>fibi:</span> <span class='ocrx_word' id='word_1_293' title='bbox 906 2199 1125 2250; x_wconf 66' lang='lat' dir='ltr'>etModqsIa</span> <span class='ocrx_word' id='word_1_294' title='bbox 1147 2198 1246 2250; x_wconf 80' lang='lat' dir='ltr'>apud</span> <span class='ocrx_word' id='word_1_295' title='bbox 1260 2199 1363 2237; x_wconf 82' lang='lat' dir='ltr'>alios.</span> <span class='ocrx_word' id='word_1_296' title='bbox 1391 2201 1441 2238; x_wconf 86' lang='lat' dir='ltr'>Et</span> 
     </span>
     <span class='ocr_line' id='line_1_63' title="bbox 783 2253 1442 2295; baseline -0.006 0"><span class='ocrx_word' id='word_1_297' title='bbox 783 2255 872 2295; x_wconf 84' lang='lat' dir='ltr'>vide</span> <span class='ocrx_word' id='word_1_298' title='bbox 897 2256 1028 2295; x_wconf 84' lang='lat' dir='ltr'>landes</span> <span class='ocrx_word' id='word_1_299' title='bbox 1056 2254 1357 2294; x_wconf 73' lang='lat' dir='ltr'>consiliatoribus</span> <span class='ocrx_word' id='word_1_300' title='bbox 1385 2253 1442 2292; x_wconf 84' lang='lat' dir='ltr'>iu-</span> 
     </span>
     <span class='ocr_line' id='line_1_64' title="bbox 783 2311 1442 2361; baseline -0.005 -11"><span class='ocrx_word' id='word_1_301' title='bbox 783 2323 921 2351; x_wconf 84' lang='lat' dir='ltr'>uentas</span> <span class='ocrx_word' id='word_1_302' title='bbox 968 2323 1007 2351; x_wconf 89' lang='lat' dir='ltr'>et</span> <span class='ocrx_word' id='word_1_303' title='bbox 1050 2312 1193 2351; x_wconf 58' lang='lat' dir='ltr'>vi‘itatas</span> <span class='ocrx_word' id='word_1_304' title='bbox 1225 2311 1442 2361; x_wconf 76' lang='lat' dir='ltr'>(Bentleius</span> 
     </span>
     <span class='ocr_line' id='line_1_65' title="bbox 786 2364 1441 2416; baseline 0 -11"><span class='ocrx_word' id='word_1_305' title='bbox 786 2367 954 2412; x_wconf 71' lang='lat' dir='ltr'>conficit,</span> <span class='ocrx_word' id='word_1_306' title='bbox 985 2364 1293 2407; x_wconf 68' lang='lat' dir='ltr'>conciliatoribus</span> <span class='ocrx_word' id='word_1_307' title='bbox 1310 2365 1441 2416; x_wconf 60' lang='lat' dir='ltr'>siceum·</span> 
     </span>
     <span class='ocr_line' id='line_1_66' title="bbox 785 2420 1442 2476; baseline -0.005 -13"><span class='ocrx_word' id='word_1_308' title='bbox 785 2425 860 2474; x_wconf 71' lang='lat' dir='ltr'>Z).</span> <span class='ocrx_word' id='word_1_309' title='bbox 920 2423 980 2462; x_wconf 85' lang='lat' dir='ltr'>Ita</span> <span class='ocrx_word' id='word_1_310' title='bbox 1005 2420 1141 2476; x_wconf 75' lang='lat' dir='ltr'>&#39;aisent]</span> <span class='ocrx_word' id='word_1_311' title='bbox 1185 2424 1274 2462; x_wconf 81' lang='lat' dir='ltr'>Hoc-</span> <span class='ocrx_word' id='word_1_312' title='bbox 1307 2425 1353 2461; x_wconf 87' lang='lat' dir='ltr'>ita</span> <span class='ocrx_word' id='word_1_313' title='bbox 1383 2434 1442 2460; x_wconf 85' lang='lat' dir='ltr'>re-</span> 
     </span>
     <span class='ocr_line' id='line_1_67' title="bbox 789 2477 1446 2531; baseline 0.002 -14"><span class='ocrx_word' id='word_1_314' title='bbox 789 2477 962 2531; x_wconf 85' lang='lat' dir='ltr'>spondet,</span> <span class='ocrx_word' id='word_1_315' title='bbox 995 2479 1097 2530; x_wconf 76' lang='lat' dir='ltr'>qunii</span> <span class='ocrx_word' id='word_1_316' title='bbox 1118 2478 1229 2527; x_wconf 80' lang='lat' dir='ltr'>dicat,</span> <span class='ocrx_word' id='word_1_317' title='bbox 1260 2478 1332 2519; x_wconf 85' lang='lat' dir='ltr'>Sed</span> <span class='ocrx_word' id='word_1_318' title='bbox 1350 2477 1446 2530; x_wconf 81' lang='lat' dir='ltr'>quid</span> 
     </span>
     <span class='ocr_line' id='line_1_68' title="bbox 787 2533 999 2578; baseline 0 -4"><span class='ocrx_word' id='word_1_319' title='bbox 787 2533 894 2578; x_wconf 76' lang='lat' dir='ltr'>mea?</span> <span class='ocrx_word' id='word_1_320' title='bbox 950 2537 999 2574; x_wconf 91' lang='lat' dir='ltr'>D.</span> 
     </span>
    </p>

    <p class='ocr_par' dir='ltr' id='par_1_21' title="bbox 790 2590 1444 2698">
     <span class='ocr_line' id='line_1_69' title="bbox 845 2590 1444 2639; baseline -0.008 -9"><span class='ocrx_word' id='word_1_321' title='bbox 845 2599 866 2639; x_wconf 76' lang='lat'>8</span> <span class='ocrx_word' id='word_1_322' title='bbox 907 2592 1007 2635; x_wconf 81' lang='lat' dir='ltr'>Scio]</span> <span class='ocrx_word' id='word_1_323' title='bbox 1043 2590 1183 2629; x_wconf 82' lang='lat' dir='ltr'>Adhuc</span> <span class='ocrx_word' id='word_1_324' title='bbox 1210 2590 1330 2629; x_wconf 85' lang='lat' dir='ltr'>Micio</span> <span class='ocrx_word' id='word_1_325' title='bbox 1361 2602 1444 2628; x_wconf 79' lang='lat' dir='ltr'>non</span> 
     </span>
     <span class='ocr_line' id='line_1_70' title="bbox 790 2642 1444 2698; baseline -0.009 -12"><span class='ocrx_word' id='word_1_326' title='bbox 790 2647 985 2695; x_wconf 51' lang='lat' dir='ltr'>intelligit,</span> <span class='ocrx_word' id='word_1_327' title='bbox 1015 2659 1173 2698; x_wconf 76' lang='lat' dir='ltr'>quotes</span> <span class='ocrx_word' id='word_1_328' title='bbox 1197 2645 1348 2686; x_wconf 83' lang='lat' dir='ltr'>tendat:</span> <span class='ocrx_word' id='word_1_329' title='bbox 1379 2642 1444 2682; x_wconf 68' lang='lat' dir='ltr'>scd</span> 
     </span>
    </p>

    <p class='ocr_par' dir='ltr' id='par_1_22' title="bbox 901 2706 1445 2755">
     <span class='ocr_line' id='line_1_71' title="bbox 901 2706 1445 2755; baseline -0.007 -13"><span class='ocrx_word' id='word_1_330' title='bbox 901 2706 934 2742; x_wconf 79' lang='lat' dir='ltr'>N</span> <span class='ocrx_word' id='word_1_331' title='bbox 965 2716 994 2755; x_wconf 86' lang='lat'>4</span> <span class='ocrx_word' id='word_1_332' title='bbox 1315 2712 1445 2740; x_wconf 79' lang='lat' dir='ltr'>tamen</span> 
     </span>
    </p>
   </div>
  </div>
 </body>
</html>
