1827 3180
611 203 963 251 PHORMIO.

1361 201 1479 264 477·

226 336 354 386 Addo
375 332 503 382 istuc:
541 333 800 399 imprudens
824 332 971 378 timuit
991 329 1259 377 adolescens:
1291 329 1402 382 fino.

126 418 191 479 65
224 419 304 462 Tu
325 413 493 460 seruus:
533 426 687 458 verum
708 407 739 455 {i
760 418 943 470 cognata
965 405 1024 453 est
1047 423 1264 461 maxume,
1316 425 1319 430 ¹

156 520 160 525 -
225 494 337 539 Non
357 489 442 538 fuit
459 483 626 535 necesse
645 484 828 533 habere:
863 483 930 531 sed
943 504 974 538 ,¹
989 482 1034 530 id
1057 483 1178 548 quod
1198 483 1268 530 lex
1290 482 1428 538 iubet,

90 690 158 733 est.
217 691 348 746 Neque
395 689 594 742 testimonii
635 689 747 729 dimo

90 749 158 803 est]
198 749 337 789 Varie:
377 762 461 787 non
492 749 600 786 enim
632 745 742 794 dixit,

90 806 217 858 Neque
227 804 471 856 testimonium
483 805 612 843 dicere.
650 803 745 842 Mit-

92 875 132 902 to
153 860 292 908 omnia]
322 865 371 902 Et
389 862 465 900 iam
487 859 560 898 hoe
579 857 748 910 peniidit

92 915 227 968 senex,
245 918 350 968 quod
366 916 568 956 videbatur
579 914 749 955 validum

92 974 141 1014 ad
182 971 474 1013 accusationem.
532 974 589 1011 Ita
619 973 750 1024 grada-

95 1031 164 1070 tim
184 1031 238 1068 illi
256 1029 406 1083 {iugula
424 1026 693 1072 subducuntur,
711 1038 750 1067 et

94 1084 347 1126 accusationis
382 1081 551 1137 impetu-<i
591 1080 750 1123 euanes—

94 1146 157 1183 cit.
218 1145 267 1183 D.

134 1199 280 1252 >Neque
299 1195 494 1250 testimonii
513 1197 642 1242 dic'lio]
658 1196 753 1236 Har-

94 1255 295 1307 menopul.
313 1254 379 1293 lib.
407 1265 440 1296 1.
460 1254 540 1293 Tit.
565 1257 602 1296 6.
631 1258 663 1304 §.
685 1263 749 1303 51.

95 1315 201 1355 Δὲλος
223 1312 242 1349 ἐ
261 1315 433 1358 μαρτυρεῖ.
464 1311 489 1349 l.
514 1322 573 1364 13.
593 1310 638 1350 C.
650 1308 752 1348 The·

97 1367 160 1406 od.
190 1367 241 1406 de
261 1365 341 1406 Fid.
373 1365 452 1406 test.
478 1366 503 1406 1.
521 1379 572 1405 11.
602 1367 646 1407 C.
665 1363 752 1404 lust.

97 1423 150 1463 de
175 1423 317 1463 Testib.
354 1422 491 1463 Nouel.
524 1420 656 1461 lustin.
685 1433 752 1474 90.

96 1493 180 1532 cap.
200 1482 238 1522 6.
270 1479 411 1519 Nouel.
433 1481 553 1518 Leon.
578 1489 644 1530 49.
674 1479 758 1518 Ser-

97 1549 139 1574 ui
159 1546 288 1575 tamen
311 1532 584 1590 responsotqm
598 1532 759 1571 creden·

97 1591 192 1631 dum
218 1591 280 1640 est,
302 1605 391 1630 cum
408 1591 480 1629 alia
506 1589 681 1640 probatio
707 1587 756 1627 ad

98 1648 314 1688 eruendam
349 1647 548 1687 veritatem
581 1658 662 1684 non
689 1642 756 1683 est.
808 1673 817 1682 .
849 1673 858 1682 .

96 1703 307 1746 Modestin.
334 1702 400 1742 lib.
421 1715 458 1755 3.
486 1702 624 1754 Regni.
654 1704 695 1742 L.
717 1711 756 1753 7.

97 1758 137 1800 ff.
159 1760 209 1799 de
228 1758 347 1799 testib.
407 1759 450 1799 L.

153 1817 208 1867 64
234 1817 340 1856 Adde
361 1813 458 1866 istuc,
480 1814 692 1866 imprudens
710 1815 758 1853 ti-

102 1875 199 1911 muit
229 1870 445 1921 adolefitens]
481 1874 589 1911 Haec
625 1870 757 1908 omnia

103 1927 221 1966 verba
255 1925 440 1966 causalem
476 1926 523 1965 ad
553 1939 758 1979 argumen-

104 1983 266 2022 tandum
302 1983 379 2021 vim
404 1981 563 2021 habent.
616 1983 758 2032 Impru-

103 2040 191 2078 dens
234 2041 359 2078 timuit
396 2038 619 2089 adolescenu
651 2037 758 2090 sino]

106 2097 231 2140 Σχῆμα
259 2099 412 2142 διανοίας,
438 2092 660 2140 συγχώρησις.
714 2096 761 2132 Et

105 2149 254 2203 lingula
267 2149 572 2201 pronuncianda,
592 2159 631 2186 vt
650 2149 760 2200 plura

106 2205 322 2244 videantur.
383 2205 529 2251 Mitto,
553 2204 654 2251 Sino,
682 2205 762 2242 vim

107 2260 254 2300 habent
272 2272 403 2299 contra
424 2262 661 2299 voluntatem
673 2272 762 2298 con-

109 2318 295 2356 cedentis,
352 2318 400 2356 D.

165 2377 236 2412 Pro
262 2372 383 2419 Adde,
421 2369 526 2423 quod
555 2368 670 2409 nostri
702 2368 764 2407 ha-

109 2429 228 2472 bent,
257 2427 407 2479 praefer
437 2426 611 2466 Bembini
641 2426 761 2472 Addo,

110 2485 216 2536 quod
236 2485 358 2536 magis
386 2484 572 2521 conuenit
591 2482 647 2520 illi
665 2483 764 2521 Mit-

109 2555 163 2590 to,
184 2552 222 2579 et
242 2540 342 2579 Sino.
399 2542 439 2579 B.

163 2601 217 2649 65
253 2598 308 2635 Tu
327 2593 487 2646 ftruus:
512 2607 641 2635 vcrum
667 2594 765 2644 fi'co—

107 2665 226 2708 gnata
253 2651 299 2702 est
314 2655 498 2696 maxume]
528 2650 608 2691 Sub
628 2649 763 2688 obten-

111 2719 152 2747 tu
171 2708 283 2749 huius
301 2706 591 2760 propofitionis,
620 2707 661 2746 in
687 2719 761 2760 qua

1367 564 1461 607 Do·

798 697 886 740 pars
905 675 1011 740 legis¹
1023 683 1247 733 ostenditur,
1267 686 1343 726 iam
1360 685 1463 726 Po‘e-

783 755 837 783 ‘ta
877 754 1078 795 praeparat
1112 743 1245 782 locum
1283 741 1463 782 fallaciae

796 799 1039 840 Phormionis
1073 798 1126 837 de
1143 798 1246 838 dote'
1269 798 1462 850 accipien-

795 856 854 896 da.
918 858 1051 898 Verum
1071 853 1117 906 fi
1141 868 1295 910 cognata
1315 856 1365 907 est
1385 868 1465 894 ma-

797 910 924 960 xume]
969 915 1022 958 τῷ
1056 915 1232 956 ἰδιωτισμῷ
1270 911 1378 950 addit
1416 908 1464 949 τδ

797 969 992 1009 Maxume.
1049 971 1149 1009 Nam
1168 967 1247 1007 fiue
1257 966 1311 1006 est
1323 979 1466 1020 cogna-

799 1036 856 1070 ta,
890 1024 970 1065 fiue
999 1037 1081 1063 non
1112 1024 1189 1078 esp,
1215 1037 1298 1063 non
1321 1024 1464 1074 recipit

798 1081 840 1121 ra*
868 1083 989 1127 ’μῖὼὶκοὺ
1007 1088 1061 1120 καὶ
1087 1081 1130 1119 τό
1153 1078 1262 1123 nik-7011.
1296 1077 1373 1118 hoc
1389 1078 1472 1127 est‚'

801 1152 886 1178 non
918 1137 1058 1177 dicitur
1088 1139 1256 1176 maxime
1282 1147 1466 1188 cognata,

801 1206 844 1234 et
871 1204 1037 1247 cognata
1072 1192 1259 1234 minime:
1298 1189 1365 1231 sed
1397 1201 1465 1231 aut

801 1251 866 1299 est,
885 1263 948 1290 aut
970 1263 1051 1289 nou
1074 1248 1138 1288 est.
1197 1247 1277 1289 Alii
1292 1247 1343 1286 {ic
1363 1247 1467 1286 ordi:-

801 1318 916 1356 nant,
945 1309 1037 1348 Non
1062 1304 1138 1344 fuit
1158 1301 1315 1344 neceffe
1342 1303 1466 1343 maxi·

802 1372 868 1402 me
888 1362 1048 1402 habere.
1107 1361 1197 1409 Alii,
1220 1359 1284 1399 sed
1298 1359 1337 1398 id
1355 1359 1468 1411 quod

806 1420 871 1458 lex
896 1418 1025 1468 iubet,
1055 1417 1224 1460 maxime
1248 1416 1382 1456 dotem
1403 1415 1469 1456 da·-

807 1475 912 1514 retis.
969 1477 1020 1515 D.

864 1531 998 1571 Verum
1007 1528 1049 1582 st
1060 1542 1221 1585 cognata
1236 1527 1303 1583 est]
1335 1529 1468 1569 Senex

808 1588 940 1626 omnia
961 1596 1191 1640 argumenta
1202 1584 1386 1624 concedit
1415 1615 1423 1623 .
1456 1615 1467 1625 .

889 1643 936 1682 ad
959 1643 1156 1694 (concedit,
1177 1654 1253 1680 non
1272 1654 1393 1680 tamen
1402 1641 1470 1681 ud·

807 1701 927 1738 mittit
958 1699 1024 1751 Z.)
1055 1699 1231 1746 veniam,
1261 1694 1326 1736 sed
1345 1709 1469 1749 oppo-

806 1756 867 1794 nit
884 1756 1012 1808 leges,
1045 1767 1146 1806 quae
1171 1753 1312 1793 iubent
1340 1763 1379 1791 vt
1397 1754 1471 1794 dos

808 1811 927 1850 orbae
945 1810 1026 1849 dari
1048 1810 1172 1862 poffit.
1229 1809 1307 1850 Sed
1326 1808 1400 1856 hie,
1428 1820 1471 1849 vt

807 1864 918 1919 supra
940 1868 1115 1914 diximus,
1140 1867 1306 1905 occurrit
1322 1879 1393 1917 per
1408 1879 1472 1905 ve-

806 1923 952 1963 nialem
967 1922 1117 1968 statum,
1139 1921 1245 1973 quod
1264 1933 1474 1974 argentum

809 1978 948 2018 defuit.
1012 1981 1144 2030 Quam
1175 1992 1257 2016 rem
1287 1991 1372 2016 cum
1399 1977 1470 2017 sol-

810 2032 940 2084 uiss'et‚
974 2031 1089 2074 senex
1110 2034 1202 2072 dicit
1219 2033 1386 2072 Sumeret
1404 2033 1472 2072 ali-

810 2092 934 2138 eunde,
954 2091 1015 2130 vel
1034 2090 1213 2128 foenore.
1272 2089 1403 2128 soluta
1416 2088 1472 2129 est

811 2159 942 2185 tamen
963 2177 971 2184 .
994 2177 1002 2184 .
1025 2176 1032 2184 .
1052 2148 1190 2198 (tamen
1210 2144 1360 2184 obieftio
1381 2144 1471 2184 haee

810 2203 963 2252 astruo
992 2204 1074 2252 Z),
1106 2201 1212 2251 quod
1241 2203 1403 2253 negauit
1426 2203 1473 2240 li-

813 2271 901 2297 cere
923 2258 1002 2296 filio
1020 2257 1193 2294 familiae
1212 2267 1386 2294 mutuam
1418 2287 1427 2296 .
1459 2288 1470 2298 .

814 2344 823 2354 .
855 2342 865 2351 .
895 2344 903 2352 .
939 2343 947 2352 .
979 2314 1185 2363 pecuniam
1207 2310 1310 2350 credi
1331 2315 1473 2362 (mutu.

812 2382 890 2413 am,
920 2372 1009 2407 vino
1029 2380 1146 2418 patre,
1165 2366 1310 2421 fitmere
1323 2374 1475 2420 pecuniq

813 2438 871 2463 am
892 2438 914 2462 a
933 2423 1189 2464 creditoribus.
1217 2425 1289 2475 Z.).
1345 2427 1389 2465 E.

865 2538 920 2578 66
949 2534 1021 2574 Sed
1037 2535 1077 2573 id
1097 2535 1195 2587 quod
1207 2535 1269 2575 Iex
1278 2535 1387 2586 iubet,
1408 2538 1474 2579 do·

815 2605 884 2630 tem
902 2591 1059 2638 daretis]
1093 2592 1135 2630 ld
1153 2592 1255 2642 quod
1267 2594 1473 2638 lexiubet:

814 2648 919 2687 ordo.
936 2647 982 2687 iic
996 2646 1118 2698 (iubet
1128 2647 1341 2704 orbaesci.).
1352 2653 1465 2705 Virg.

809 2705 907 2758 (Καὶ.
928 2717 998 2754 111,
1019 2706 1107 2758 35.)
1133 2704 1281 2757 Verum,
1313 2708 1355 2749 id
1371 2706 1470 2760 quod

1378 2762 1470 2803 mul·
