1875 3244
634 197 934 246 HECYRA.

1361 217 1454 266 275

218 331 278 374 Vt
299 324 377 372 tibi
399 325 658 381 concedam3
690 342 835 389 neque
867 337 963 372 tuae
984 323 1154 372 libidini
1178 327 1450 382 aduersabor.

218 400 324 448 LA.
366 407 510 463 Atque
535 418 685 448 eccum
708 402 977 466 Phidippum
998 412 1183 467 optume
1207 405 1358 453 video:
1401 427 1453 456 ex

268 484 275 524 ζ
305 478 399 524 hoc
423 479 508 523 iam
534 476 662 535 scibo,
683 477 788 540 quid
811 476 899 523 fiet.

152 567 183 616 ς
220 552 464 617 Phidippe‚
496 551 568 599 etsi
605 569 688 613 ego
707 555 815 599 meis
837 569 908 599 me
929 552 1137 601 omnibus
1157 556 1241 603 scio
1268 555 1350 606 effe
1372 578 1450 628 ap-

317 631 460 693 prime
485 627 808 691 obsequentem,
1413 690 1417 695 ff

216 703 302 752 Sed
323 721 414 750 non
434 702 564 757 adeo,
595 715 641 752 vt
662 721 756 756 mea
787 704 964 751 facilitas
989 718 1244 772 corrumpat
1272 709 1451 764 illorum

314 782 505 826 animos:

216 854 354 911 Quod
378 867 426 901 tu
449 853 478 900 fi
501 853 621 902 idem
643 855 819 910 facereS,
841 858 978 918 tnagis
1001 858 1050 907 in
1070 874 1166 907 rem
1179 869 1222 912 et
1242 861 1450 922 nostram,

313 941 358 977 et
376 927 563 978 vostram
581 929 628 978 id
650 928 767 979 esset.

83 1130 243 1170 Vic'lus:
274 1131 473 1182 quia'non
503 1133 652 1172 ratione
684 1132 739 1173 fa-

80 1188 152 1225 cio.
214 1187 346 1228 Vi3us
375 1187 430 1227 est
458 1189 734 1242 vndecunque,

79 1244 146 1293 qui
171 1243 316 1294 (Vtc‘tus
343 1244 389 1296 est
416 1246 480 1298 qui
504 1247 738 1301 undecunque

77 1300 140 1353 Z.)
161 1299 306 1339 recedit
325 1315 347 1340 a
367 1302 460 1342 iure.
518 1303 570 1342 D.

135 1423 159 1463 3
200 1413 323 1465 Neque
349 1426 433 1453 tuae
458 1411 628 1467 libidini]
670 1414 736 1452 Li-

78 1464 164 1506 bido
186 1467 239 1506 est
258 1468 455 1518 quaelibet
477 1470 652 1509 voluntas
682 1480 738 1508 te-

77 1535 188 1562 mere
224 1521 405 1577 suscepta.
462 1528 510 1565 Et
537 1526 641 1566 bene
671 1527 735 1564 Li-

76 1576 219 1618 bidim':
248 1579 302 1618 est
322 1582 429 1623 enim
452 1595 531 1620 non
554 1595 734 1633 aequum,

76 1634 196 1674 domo
220 1635 348 1676 mariti
369 1635 499 1676 abesse
518 1635 609 1687 (ΜΓ.
631 1641 670 1678 Β.
694 1648 734 1676 et

73 1690 172 1732 Edd.
202 1701 289 1730 vett.
321 1703 411 1732 ante
433 1692 566 1745 Steph.
596 1695 733 1733 Animo

74 1750 202 1787 mariti
221 1746 347 1800 oheffi)
370 1760 545 1801 nuptam.
604 1749 679 1790 Etsi
699 1762 735 1788 e-

75 1804 159 1842 nim
187 1817 258 1855 pro
279 1805 467 1845 voluntate
487 1802 614 1857 posuit
638 1803 736 1844 Libi-

75 1859 218 1898 dinem.-
247 1871 377 1901 tamen
395 1860 734 1903 subaccusauithoc

74 1917 245 1956 nomine.
299 1919 349 1957 D.

127 2038 158 2078 4
187 2027 354 2078 Optume]
385 2030 630 2082 Opportune.
669 2029 733 2073 Ex

77 2081 144 2120 boc
162 2085 236 2121 iam
243 2082 365 2135 fijbo]
396 2086 557 2140 Legitur
570 2087 730 2137 etHinc‚

74 2139 200 2178 locale
248 2139 485 2183 aduerbium.
540 2154 579 2182 et
626 2143 731 2195 quasi

76 2196 333 2235 comminatur
371 2200 496 2246 vxori,
534 2199 653 2239 modo
693 2198 732 2239 se

77 2251 331 2291 inuenturum
380 2251 501 2305 ipsam
547 2254 731 2306 peccasse,

75 2319 159 2345 non
180 2320 333 2346 nurum.
387 2309 580 2364 Quidfii’t]
596 2314 732 2353 Vtulm

76 2363 170 2413 quid
201 2362 243 2402 sit
271 2365 356 2408 rei?
385 2380 433 2405 an
461 2367 551 2417 quid
580 2366 647 2406 fiet
665 2382 733 2406 nu-

76 2417 175 2461 rus?
207 2430 328 2458 vtrum
351 2421 558 2470 innocens,
587 2437 636 2462 an
659 2425 731 2462 ini-

73 2478 178 2525 qua?
206 2478 254 2515 Et
277 2475 425 2515 videtur
448 2476 521 2516 hoc
542 2479 731 2520 Sostratae

73 2531 223 2571 dicere:
256 2545 342 2570 nam
375 2533 489 2574 vicini
518 2532 602 2574 sunt
628 2537 731 2574 inter

74 2582 113 2624 fe
141 2588 306 2639 proximi
335 2589 479 2630 Laches
507 2602 546 2630 et
575 2590 730 2645 Phidip-

77 2656 159 2694 pus.
220 2645 266 2682 D.

124 2699 261 2742 Lectio
294 2699 479 2742 Bembini
516 2699 637 2743 versui
675 2703 728 2746 est

1266 1076 1268 1079 ἡ
1313 1020 1453 1066 Nunc

790 1134 1100 1177 conuenientior
1127 1135 1227 1176 Hinc
1245 1138 1318 1179 iam
1327 1139 1458 1191 fiibo„

788 1193 893 1232 Tum
932 1206 1003 1243 pru
1039 1193 1117 1233 Siet
1157 1191 1279 1234 versus
1324 1197 1450 1250 poscit

787 1246 856 1287 Sit.
915 1250 955 1287 B.
1385 1296 1389 1299 .

845 1315 869 1355 5
908 1303 1111 1358 Phidippe‚
1154 1306 1221 1359 etsi
1242 1322 1309 1363 ego
1334 1313 1446 1367 meis]

786 1359 1049 1412 Expostulatio
1108 1362 1283 1403 Lachetis
1342 1369 1446 1418 apud

785 1415 1029 1468 Phidippum,
1048 1416 1332 1461 accusationem
1349 1437 1449 1464 con-

786 1472 928 1522 tinens,
968 1483 1151 1524 tanquam
1179 1476 1325 1517 causam
1345 1482 1448 1521 iuiu-

785 1529 927 1567 riarum
949 1529 1140 1570 intendat.
1200 1531 1282 1572 Scio
1304 1536 1366 1587 effe
1379 1549 1446 1591 ap-

780 1587 898 1638 prime
943 1583 1212 1641 obfiquentem]
1261 1593 1449 1646 Principi-

785 1654 850 1680 um
875 1654 895 1680 a
916 1638 1078 1690 persona
1098 1645 1182 1682 eius
1202 1657 1286 1684 cum
1307 1662 1384 1699 quo
1406 1665 1448 1690 a·

785 1697 907 1750 gitur,
937 1707 976 1735 et
1005 1695 1089 1737 sua:
1121 1710 1158 1739 et
1190 1714 1239 1739 an
1271 1706 1361 1744 vtile
1389 1707 1445 1758 fit,

785 1753 900 1791 nimis
930 1751 1090 1805 obsequi
1125 1754 1327 1800 hominem
1355 1760 1450 1809 suis„

783 1811 973 1862 Apprime]
998 1810 1358 1857 Vehementiffime.
1391 1822 1451 1864 D..

839 1868 1015 1918 Apprime
1046 1865 1317 1927 obfi’quentem]
1347 1875 1453 1924 Ch&

783 1919 842 1961 ris.
862 1922 928 1961 lib.
948 1934 987 1962 2.
1048 1929 1089 1965 L.

838 1981 901 2020 Ne
921 1976 1126 2018 ἂνακὸλκθον
1135 1979 1351 2034 statuamus,
1365 1990 1446 2029 Te-

782 2036 1030 2086 rentiumque
1082 2037 1180 2078 adeo
1217 2041 1444 2087 Soloecismi

781 2104 892 2130 reum
912 2090 1110 2139 faciamus,
1137 2108 1210 2145 pro
1229 2095 1450 2150 Etfi'repoq

781 2160 834 2186 ue
847 2150 906 2197 Et,
924 2147 963 2186 id
985 2148 1047 2197 est,
1069 2151 1189 2189 etiam.
1248 2155 1444 2204 oratorie.

780 2205 907 2254 primo
935 2202 973 2242 se
999 2203 1141 2243 fatetur
1169 2208 1328 2248 leuioris
1360 2213 1444 2251 cul..

783 2271 858 2310 pae
879 2272 989 2298 reum
1011 2257 1105 2309 effe,
1142 2275 1218 2312 quo
1249 2268 1443 2317 grauioris

782 2326 917 2366 arguat
935 2315 1180 2367 Phidippum.
1240 2323 1277 2359 Β.

836 2374 863 2413 6
894 2371 964 2410 Sed
981 2386 1053 2409 non
1073 2374 1183 2421 adeo,
1213 2388 1255 2414 vt
1272 2391 1351 2416 mea
1374 2380 1442 2432 fiz-

783 2425 918 2473 cilitiis]
955 2427 1151 2478 Facilitas,
1183 2431 1441 2486 indulgentia.

781 2483 851 2521 Sed
869 2497 938 2523 non
958 2485 1069 2530 adeo,
1100 2498 1144 2524 vt
1164 2489 1441 2547 meafizczlitas]

781 2539 898 2577 Deest
927 2541 1072 2579 Tamen.
1101 2554 1140 2581 et
1165 2543 1218 2582 est
1243 2549 1440 2587 ἀνακόλεῡοι

781 2596 950 2634 tertium.
1008 2599 1054 2635 D.

829 2662 856 2701 7
868 2650 991 2690 Nostri
1005 2651 1179 2693 Coden
1192 2668 1267 2696 rem
1280 2659 1439 2710 vostram

778 2719 813 2746 et
848 2707 1019 2757 nostram.
1063 2710 1255 2752 'Cluilius
1290 2715 1365 2754 hoc
1399 2729 1438 2757 et

885 2766 910 2804 S
944 2775 973 2805 2
1317 2785 1439 2811 mura·
