1827 3180
568 213 915 259 PHORMIO.

1338 227 1425 274 5¹¹

178 337 489 394 ACTVS
550 335 884 389 TERTII
941 335 1232 389 SCENA
1286 336 1322 389 I.

482 426 778 468 ΑΝἰίΡΗο.
832 425 1014 466 GETA.

65 560 145 673 E
162 584 194 612 κ
216 584 232 612 1
255 585 291 611 M
314 584 343 613 v
363 584 386 610 ε
407 583 434 609 n
455 581 481 610 0
497 599 509 615 ‚
550 562 765 627 Antipho,
799 559 1070 609 multimodis
1094 577 1195 609 cum
1217 560 1321 609 istoc
1342 565 1430 610 ani-

285 658 359 688 mo
383 657 428 686 es
457 638 792 702 vituperandus:

200 722 323 766 Itane
354 716 456 762 hinc
489 709 642 767 abiise,
690 723 735 760 et
763 714 895 762 vitam
925 722 1045 760 tuam
1081 712 1308 760 tutandam
1339 713 1432 761 aliis

299 787 492 838 dedisse?

199 868 321 917 Alios
353 879 471 912 tuam
489 880 583 912 rem
605 863 818 912 credidisti
836 865 989 926 magis,
1012 880 1144 929 quam
1163 875 1264 918 tete,
1296 868 1433 915 anim·

296 940 548 989 aduersuros
566 941 589 984 ⁴?

200 1021 322 1065 Nam
343 1028 389 1064 vt
407 1028 454 1064 vt
474 1027 596 1062 erant
617 1015 708 1068 alia,
733 1014 797 1062 illi
819 1025 948 1070 certe,
970 1031 1082 1080 quae
1100 1033 1220 1063 nunc
1252 1016 1332 1064 tibi
1357 1016 1433 1064 do-

301 1087 425 1144 mi’st,
447 1090 703 1143 consuleres,

139 1185 168 1233 5
207 1172 254 1216 N
259 1185 282 1215 e
304 1167 408 1232 quid
426 1178 610 1235 propter
622 1178 740 1213 tuam
752 1138 885 1216 fidein
897 1168 1073 1234 decepta
1084 1178 1307 1234 pateretur
1318 1169 1439 1226 mali,

133 1381 151 1411 1
187 1370 397 1414 Enimuero,
428 1367 611 1420 Antipho,
634 1365 728 1407 mul-

77 1428 128 1467 tis
148 1427 260 1464 modu
281 1438 360 1463 cum
378 1423 464 1476 istoc
476 1428 613 1468 ammo]
639 1425 728 1463 Cum

75 1481 162 1532 zstoc
181 1483 303 1519 animo
316 1497 329 1517 .·
359 1494 448 1531 pro,
475 1479 580 1519 huius
597 1483 725 1518 animi.

72 1539 236 1585 Ennius,
269 1537 402 1575 Omnia
428 1537 613 1588 (optima.
643 1535 727 1575 Lib.

75 1594 256 1643 vterque)
297 1605 374 1630 cum
403 1591 570 1644 pulchris
596 1593 733 1632 animis

75 1650 242 1691 Romana
262 1650 443 1687 iuuentus.
503 1647 553 1686 D.

131 1703 354 1747 Enimuero,
386 1702 572 1755 Antipho,
610 1700 733 1743 multis

75 1760 195 1800 modis
222 1773 301 1798 cum
330 1757 417 1807 illoc
443 1760 565 1797 animo
590 1760 732 1810 vitupe-

77 1817 217 1856 raudus
247 1819 298 1860 es]
328 1817 435 1854 Haec
462 1816 591 1854 Scena
622 1816 727 1853 ratio-

80 1884 172 1911 nem
193 1870 385 1923 gestorum
397 1880 515 1918 tenet,
544 1883 628 1909 cum
640 1882 734 1921 que-

82 1926 209 1966 stione
236 1937 275 1964 et
304 1926 591 1978 obiutgatione‚
627 1925 734 1976 quod

82 1979 266 2020 dimiserit
286 1993 468 2028 amorem,
488 1991 527 2019 et
546 1982 669 2019 irritus
683 1983 738 2032 (et

85 2036 285 2086 defit-uerit
311 2039 371 2088 Z.)
405 2049 490 2075 eam
523 2049 634 2086 quarn
654 2036 736 2074 dili·

85 2091 218 2145 gebu,
254 2105 383 2142 neque
401 2093 438 2130 ei
457 2104 498 2130 ac
516 2091 581 2130 fibi
603 2092 737 2131 attule-

83 2150 131 2187 rit
152 2148 418 2198 patrocinium.
474 2149 516 2186 Ε.

143 2205 213 2242 Pro
223 2202 361 2241 Multis
378 2203 494 2241 modis
516 2199 641 2241 versus
659 2203 739 2240 exi-

88 2258 146 2312 git
177 2257 440 2304 Multimodis;
480 2258 583 2307 quod
620 2256 740 2307 ipsum

90 2313 178 2352 libri
191 2312 483 2366 praestantiores
495 2310 688 2350 exlubent.
700 2315 741 2351 13.

143 2382 168 2411 2
200 2370 304 2408 Itane
322 2368 404 2407 hinc
423 2367 545 2418 abtffe,
575 2380 610 2406 et
627 2371 744 2407 vitam

88 2425 210 2479 nam]
238 2423 278 2464 έν
297 2424 471 2470 ninneton.
501 2434 537 2461 vt
557 2426 676 2466 (Aen.
690 2436 742 2471 ΧΙ,

90 2484 205 2533 270.)
236 2479 400 2532 Inuidtffe
415 2479 526 2523 Deos,
542 2481 681 2530 patuis
699 2491 743 2518 vt

90 2536 257 2576 reddam
275 2538 369 2581 oris,
401 2536 619 2589 Coniugmm
641 2545 741 2586 opta-

93 2604 174 2631 tum
198 2606 234 2631 et
262 2590 451 2645 pulchram
474 2592 663 2640 Calydona
682 2593 740 2629 ω’-

1298 1247 1437 1292 Cuius

831 1369 962 1409 Lefflo
982 1369 1209 1418 Vi&oriani,
1232 1366 1441 1408 etVbaldL-

780 1427 820 1464 ni
843 1426 1072 1476 Bandinelli,
1094 1427 1202 1465 Itane
1220 1440 1255 1465 te
1274 1424 1358 1464 hinc
1377 1423 1441 1463 ab·

780 1481 849 1533 ¹ffi‘›
877 1484 1043 1521 orationi
1071 1494 1109 1521 et
1130 1479 1252 1522 veisui
1270 1493 1442 1520 commo-

781 1537 927 1577 diffima
944 1538 1105 1578 videtur.
1157 1541 1198 1578 B.

835 1605 858 1646 3
886 1594 997 1633 Alios'
1022 1607 1128 1634 tuam
1152 1593 1247 1647 rem]
1274 1593 1338 1633 Ab
1357 1592 1443 1632 infi-

782 1650 907 1688 nitiuo
942 1649 990 1688 ad
1026 1649 1279 1689 indicatiuum
1312 1647 1443 1688 tranfi-

782 1715 862 1743 tum
880 1704 987 1745 fecit.
1044 1704 1259 1760 Credidtstt]
1288 1709 1361 1747 Pro
1373 1708 1442 1745 Pu·

783 1759 876 1800 tasti.
935 1763 984 1801 D.

831 1818 905 1855 Pro
937 1816 1085 1869 vulgari
1121 1816 1174 1857 Te
1201 1815 1327 1857 versus
1351 1831 1441 1871 pro-

782 1871 847 1911 bat
871 1872 1050 1912 Bembini
1077 1873 1175 1912 Tere.
1231 1877 1271 1914 B.

837 1941 865 1980 4
895 1929 1018 1976 Nam,
1049 1941 1091 1968 vt
1117 1942 1222 1968 erant
1252 1930 1347 1975 alia,
1387 1928 1443 1969 illi

785 1996 891 2031 certe,
926 1997 1018 2037 quae
1035 1997 1131 2023 nunc
1151 1997 1238 2023 tuae
1259 1987 1361 2023 domi
1382 1986 1444 2037 est,

785 2039 981 2089 consuleres
1032 2043 1129 2079 Nam
1158 2042 1447 2092 qualiacunque

787 2106 940 2134 caetera
959 2110 981 2136 e
1014 2107 1079 2135 ent
1103 2096 1200 2133 circa
1220 2106 1275 2145 te,
1306 2097 1360 2135 illi
1382 2096 1446 2137 sal-

787 2160 866 2188 tem
889 2153 1072 2190 auxilium
1093 2151 1224 2200 serres,
1245 2165 1447 2203 quaetuae

787 2206 892 2246 domi
915 2207 979 2246 est.
1034 2210 1077 2247 E.

846 2265 916 2300 Pro
944 2262 1092 2312 vulgari
1120 2261 1217 2300 Tuae
1243 2262 1342 2301 domi
1369 2265 1448 2315 pla—

790 2328 852 2354 cet
878 2317 1056 2356 Bembini
1081 2316 1163 2356 ‘ma‘
1189 2318 1302 2358 domi.
1332 2332 1370 2359 vt
1387 2322 1447 2359 in-

790 2370 846 2410 fra
867 2384 993 2417 111,2,
1019 2385 1078 2424 19.
1138 2376 1179 2413 Β.

849 2437 871 2477 ς
915 2428 1110 2467 Ραιενειην
1137 2427 1243 2483 mali]
1287 2433 1445 2485 Legitur

791 2491 831 2520 et
859 2482 1079 2525 Pon'retur:
1119 2484 1210 2536 quia
1234 2490 1359 2538 potiri
1383 2493 1446 2527 τῶν

790 2546 892 2583 μύσαν
938 2537 1022 2578 fuir.
1104 2541 1260 2580 Plautus
1304 2545 1447 2597 (Epid.

791 2606 836 2634 ιν
853 2624 862 2641 ,
898 2606 915 2635 1
931 2623 940 2640 ,
969 2598 1078 2650 35),
1107 2596 1279 2649 Hostium
1299 2605 1446 2652 potitus

93 2647 240 2688 dmm?
296 2651 364 2691 131,
395 2647 743 2697 Seruan'foreunas
787 2648 847 2701 est.
901 2656 950 2691 D.

96 2716 190 2746 meas
211 2702 564 2756 commissfflfimla'?
613 2704 664 2743 D.

842 2706 977 2749 Altera
995 2707 1143 2749 Donati
1169 2709 1284 2749 10:150
1303 2711 1448 2750 Potire-

1377 2782 1449 2810 sur
