1875 3308
605 162 906 213 ADELPH.

1354 162 1414 233 63

193 292 287 344 ΑΕ.
324 296 422 358 Age
444 293 606 358 inepte,
635 289 751 356 quasi
773 306 892 338 nunc
910 305 1003 357 non
1027 290 1224 337 norimus
1248 307 1328 338 nos
1348 292 1417 338 in·

288 379 355 416 ter
375 385 470 420 n05,
496 367 715 432 Ctesipho.

191 446 295 491 Hoc
328 446 389 490 mi
423 440 565 496 dolet,
596 459 676 489 nos
707 456 848 507 paene
870 440 960 488 sero
981 437 1118 494 scisse,
1150 451 1193 487 et
1211 456 1350 506 paene
1370 443 1418 489 in

291 535 395 564 eum
415 519 561 564 locum

192 590 382 646 Redisse,
417 605 464 640 vt
497 592 525 638 si
549 608 700 641 omnes
726 600 960 657 cuperent,
995 590 1106 637 nihil
1134 591 1214 639 tibi
1246 588 1417 658 possent

291 668 545 715 auxiliarier.

64 757 159 814 Ι,ιο
192 740 305 792 CT.
352 742 560 790 Pudebat.
595 741 696 790 ΑΕ.
733 742 801 795 ah,
826 734 1049 789 stultitia’st
1066 739 1204 796 istaec,
1224 759 1315 789 non
1336 760 1417 807 pu-

291 818 371 866 dor
385 837 397 877 ;
435 830 523 866 tam
544 817 600 866 ob
621 818 871 884 paruolam,

58 1039 142 1078 mio
164 1018 316 1090 punote
335 1050 417 1078 non
436 1036 558 1090 possit,
578 1028 651 1077 hoc
666 1028 716 1077 so·

62 1093 102 1133 lo
123 1096 212 1146 quia
231 1091 405 1144 praesens
436 1093 508 1140 est,
539 1107 655 1144 quum
674 1094 716 1132 il-

61 1150 142 1189 lum
153 1150 315 1189 nimium
327 1148 490 1189 laudarit
500 1146 711 1189 absentem.

61 1205 186 1260 Qum
223 1206 323 1259 quod
359 1205 510 1245 habeam
542 1206 714 1260 gratum]

59 1261 201 1302 varie:
235 1275 315 1300 non
337 1262 601 1306 enimin‘tulit,
622 1275 716 1313 quas

64 1318 202 1371 gratias
239 1318 373 1370 agenti
412 1317 537 1370 (quam
571 1321 716 1372 gratias

63 1373 198 1428 agendi
222 1376 279 1425 Z.)
335 1373 464 1427 Quod]
487 1374 602 1423 Quia.
638 1376 686 1413 D.

122 1430 341 1478 Quaeritur,
364 1443 495 1468 annon
519 1429 716 1467 reffiusle-

65 1496 179 1538 garur
208 1484 449 1536 assentando?
488 1483 563 1524 Sed
589 1484 716 1524 Codd.

66 1552 106 1579 et
123 1541 311 1593 Magistris
340 1539 415 1579 hoc
443 1540 714 1580 concedamus.

65 1596 274 1637 Caeterum
285 1609 356 1648 pro
369 1597 516 1648 vulgari
532 1595 648 1649 Quod
657 1608 715 1634 re·

64 1648 185 1691 scribe
205 1653 294 1707 Qo
314 1651 504 1691 Bembini.
562 1655 603 1691 Β.

119 1720 147 1760 7
174 1709 254 1762 Age
278 1707 415 1762 inepte]
457 1709 547 1746 Non
578 1705 631 1746 est
657 1704 716 1745 in-

65 1762 181 1809 iuria,
210 1764 296 1813 quia
322 1774 361 1802 et
381 1763 501 1802 maior
517 1762 632 1803 frater
649 1761 714 1812 est,

66 1828 107 1860 et
121 1818 262 1858 blanda
279 1818 459 1859 didurus.
516 1821 564 1860 D.

116 1877 196 1930 Age
214 1875 346 1929 inepte]
374 1872 566 1926 Ctesipho,
578 1874 715 1926 inquit,

67 1927 216 1970 stultum
244 1929 296 1969 est
320 1929 423 1982 quod
453 1929 605 1969 laudare
629 1929 720 1969 defi-

70 1983 203 2034 deras,
250 1986 352 2039 quasi·
384 1987 531 2026 nostros
570 1987 719 2026 animos

70 2040 295 2082 nesciamus.
348 2046 392 2084 E.

127 2103 148 2146 8
181 2098 264 2139 Hoc
294 2098 387 2137 mihi
415 2097 529 2152 dolet]
556 2101 610 2143 τῷ
639 2103 720 2135 ἰδιω-

1305 897 1417 942 Rem

765 1037 877 1078 codd.
909 1039 1031 1093 Igitur
1050 1049 1220 1090 repone,
1250 1037 1335 1076 Hoc
1352 1039 1419 1076 mis

765 1092 806 1134 hi
823 1095 939 1145 dolet,
969 1109 1035 1134 nos
1056 1099 1169 1147 paene
1189 1092 1281 1145 stro
1297 1094 1416 1146 fiisse,

764 1164 799 1190 et
820 1154 859 1190 in
881 1165 960 1190 eum
979 1153 1052 1190 rim
1072 1151 1196 1191 locum.
1251 1149 1347 1190 lllud
1359 1150 1419 1200 fi·

765 1221 810 1246 ro
830 1206 883 1247 est
892 1208 1012 1246 Nimis
1026 1204 1119 1253 sero,
1145 1217 1182 1244 vt
1194 1203 1306 1259 saepe
1315 1205 1419 1257 apud

765 1262 932 1303 nostrum
952 1274 989 1303 et
1008 1264 1194 1303 Plautum.
1250 1265 1291 1303 B.

820 1331 846 1372 9
877 1318 927 1358 Vt
930 1319 1096 1371 flomnes
1108 1323 1289 1371 cuperent]
1308 1320 1414 1366 Non,

765 1373 790 1413 fi
820 1388 896 1427 ego
928 1373 1216 1422 tantummodo,
1253 1374 1334 1413 aliis
1356 1373 1419 1412 ad-

765 1429 1017 1470 uersantibus.
1075 1431 1122 1470 D.

819 1485 934 1525 Nihil
950 1486 1021 1525 tibi
1035 1483 1185 1536 pqffint]
1218 1486 1418 1536 Quoniam

764 1542 824 1581 alii
845 1542 1012 1594 puellam
1030 1543 1124 1579 leno
1143 1542 1348 1581 venderet:
1379 1553 1418 1581 et

763 1597 833 1636 tibi
849 1598 997 1636 nullum
1008 1595 1131 1648 pofl'et
1149 1597 1332 1636 auxilium
1343 1597 1419 1638 fer·

763 1654 807 1692 ri.
862 1656 906 1692 E.

818 1708 935 1748 Reae
955 1707 1083 1750 codd.
1105 1721 1191 1747 cum
1210 1707 1308 1749 Edd.
1326 1718 1417 1747 vett.

773 1762 858 1804 Tibi
904 1764 967 1804 nil.
1037 1768 1134 1804 Nam
1175 1763 1419 1816 Anapaestus

763 1817 915 1860 suauior
933 1819 986 1858 est
1003 1816 1063 1858 hic
1085 1820 1272 1872 Daleo3
1299 1819 1338 1860 et'
1355 1820 1423 1861 Ti·

767 1875 806 1916 bi
825 1878 868 1916 in
885 1877 958 1916 ἰξὶιι
983 1873 1061 1914 esse
1080 1875 1206 1916 debet.
1261 1878 1301 1916 B.

826 1944 876 1974 10
912 1931 1098 1986 Pudebat]
1137 1931 1253 1973 Deest
1278 1932 1419 1973 Pateri-

768 1987 937 2029 Stultitia
950 1988 1000 2043 1²st
1017 1988 1140 2042 lstaec]
1171 1986 1259 2027 Hoc
1279 1987 1420 2030 scilicet

768 2044 876 2084 fateri
890 2046 925 2084 ei
945 2045 1045 2095 (Hoc
1053 2044 1198 2095 fiilicet
1210 2043 1321 2083 celare
1330 2044 1421 2095 sra-

769 2104 822 2141 tri
841 2104 883 2140 ei.
938 2104 1034 2147 Aut,
1069 2099 1152 2138 Hoc
1169 2101 1317 2152 scilice:
1345 2112 1421 2139 nott.

69 2157 173 2198 ¹7aequ
201 2151 307 2194 Mihi
326 2154 458 2203 Dolet,
485 2163 555 2206 pro
588 2154 718 2193 Doleo.
758 2158 888 2210 fateri
909 2156 1040 2208 fratri
1067 2159 1100 2194 ei
1126 2159 1203 2206 Z.)‚
1244 2158 1307 2207 qui
1340 2154 1422 2206 ipse

69 2212 119 2251 Et
135 2209 249 2249 Dolet
259 2210 316 2251 bis
338 2209 639 2250 subaudiendum
654 2209 719 2249 est.

71 2261 124 2304 Et
145 2277 234 2317 pene
265 2270 303 2305 in
336 2279 411 2305 eum
438 2266 554 2305 locum
574 2265 717 2318 redisfi]

73 2320 281 2361 lnfinuatio
309 2320 489 2362 beneficii
510 2335 558 2361 ex
578 2324 722 2372 pericu-

0 2395 1 2420 ;
73 2377 114 2416 10
150 2388 187 2415 ct
218 2374 437 2418 difficultate
471 2382 539 2428 (ex
562 2378 724 2429 periculo

73 2432 308 2485 difficultatis.
328 2433 398 2476 Ms.
408 2438 449 2475 B.
462 2446 498 2474 et
509 2433 605 2475 Edd.
620 2435 726 2482 vett.)

75 2488 126 2528 ob
147 2500 308 2539 tempus.
355 2483 410 2531 D.

133 2546 178 2582 In
198 2543 324 2583 verbis
348 2544 428 2585 Nos
448 2545 585 2599 rediiffi·
594 2549 632 2585 in
648 2557 726 2584 eum

77 2595 193 2639 Iocum
213 2601 375 2639 omnino
386 2594 725 2649 desideratur-Rem,

77 2666 118 2694 vt
136 2658 277 2697 Heaut.
299 2669 346 2702 11,
366 2665 506 2709 3,118.
562 2658 650 2697 Rem
663 2658 728 2696 vti-

79 2724 156 2764 que
184 2708 441 2755 habentEdd.
470 2724 560 2754 vett.
590 2725 628 2754 et
654 2725 727 2755 tres

769 2212 867 2265 patri
887 2219 1084 2262 nunquam
1105 2213 1313 2262 quicquam
1324 2213 1423 2252 cela-

770 2270 878 2307 uerit.
940 2268 1030 2306 Tam
1050 2267 1093 2304 ob
1110 2269 1307 2319 paruolum
1326 2268 1420 2321 rem]

772 2328 876 2376 Ergo
911 2322 1149 2361 diminutiuis
1199 2323 1422 2378 adiungitur

775 2381 865 2420 Tam
896 2380 1099 2430 particu1a3
1130 2390 1167 2417 et
1194 2378 1299 2420 deest
1321 2382 1425 2420 Peri-

774 2450 837 2476 re.-
874 2432 939 2473 sed
967 2437 1011 2478 τῷ
1040 2435 1235 2479 εδφημισμᾳῗ
1263 2434 1440 2478 ῐὶὶσεὲῐιπ.ἱ

783 2493 875 2532 Tam
903 2490 945 2527 ob
962 2490 1152 2540 paruolum
1173 2492 1266 2548 rem]
1290 2492 1337 2542 *ld
1357 2493 1424 2542 est,

775 2547 1029 2586 meretricem.
1084 2543 1131 2586 Et
1156 2542 1260 2587 bene
1289 2548 1349 2587 hie
1368 2548 1426 2587 di·

777 2604 827 2641 cit
846 2600 1076 2648 Aeschinus,
1105 2603 1204 2654 quasi
1227 2605 1289 2655 qui
1310 2608 1424 2644 maio·

777 2674 816 2698 ra
837 2667 1016 2708 expertus
1036 2656 1095 2711 fit,
1123 2660 1165 2703 id
1183 2659 1259 2715 est,
1288 2663 1427 2702 vitium

777 2715 946 2769 virginis.
1002 2715 1050 2759 D.
1381 2720 1383 2722 ’
