1875 3292
834 181 1393 252 ACT.1.SCEN.11.

555 334 780 385 Ausculta:
820 349 878 380 ne
899 349 971 380 me
994 330 1211 381 obtundas
1234 332 1287 380 de
1307 332 1388 381 hac
1406 348 1454 380 re
1479 332 1662 401 saepiuS.

560 418 718 461 Tuum
741 408 881 456 filium
908 408 1059 456 dedisti
1082 408 1381 474 adoptandum
1403 409 1537 456 mihi:

457 502 523 559 35
559 493 602 536 Is
627 501 750 534 meus
776 483 836 532 est
856 482 1020 534 fastus:
1053 483 1083 531 {i
1104 484 1210 549 quid
1231 495 1393 549 peccat,
1415 489 1596 539 Demea,

554 564 673 612 Mihi
701 569 876 628 pec‘cat:
914 578 997 623 ego
1018 561 1082 608 illi
1106 577 1352 607 maxumam
1373 571 1542 626 partem
1565 562 1716 612 feram.

554 639 762 691 Obsonat,
788 647 925 703 potat,
947 638 1035 685 olet
1054 636 1312 698 vnguenta?
1348 636 1402 683 de
1426 653 1549 684 meo:

553 715 715 764 Amat?
751 714 923 762 dabitur
953 731 978 760 a
1009 730 1081 761 me
1114 723 1372 775 argentum,
1420 711 1527 760 dum
1559 715 1641 761 erit
1673 729 1791 763 eom-

651 789 839 838 modum
859 810 869 836 ε

551 866 642 916 Vbi
665 878 758 915 non
781 868 876 920 erit,
899 860 1348 920 fortasseexcludetur
1372 863 1511 913 foras:

476 1102 528 1144 33
558 1088 620 1128 Ne
635 1101 690 1127 me
711 1086 913 1130 obtundas]
942 1083 1081 1126 Neme

417 1145 534 1199 saepe
574 1156 613 1184 et
638 1145 800 1185 moleste
835 1143 1079 1195 interpelles.

413 1206 520 1244 Nam
544 1201 768 1246 Obmndere,
785 1199 840 1239 est
848 1200 993 1251 aliquid
1005 1196 1082 1238 sae-

415 1273 471 1313 pe
491 1255 623 1298 odiose
645 1267 835 1308 repetere.
894 1259 943 1297 D.

475 1329 529 1369 34
558 1315 675 1354 Tuum
696 1310 819 1365 filium
845 1311 973 1365 dedisti
992 1311 1079 1352 ado-

415 1372 600 1427 ptandum
617 1369 726 1415 mihi]
755 1370 857 1410 Mira
869 1381 1079 1422 argumen-

416 1430 511 1469 tatio
539 1441 609 1481 per
633 1424 824 1474 ἐπαγωγὴ,
843 1438 944 1477 quae
962 1425 1079 1464 Indu-

415 1487 486 1526 e‘lio
504 1484 550 1525 ab
563 1482 781 1523 oratoribus
793 1482 942 1529 dicitur,
956 1495 1078 1533 quum

415 1557 486 1594 per
515 1540 869 1593 interrogationem
896 1539 1080 1590 perueni-

414 1611 499 1638 mus
519 1598 567 1636 ad
588 1596 639 1644 id,
660 1595 765 1647 quod
785 1596 962 1634 volumus
982 1608 1076 1633 con-

415 1653 669 1693 cludendum.
730 1653 780 1690 D.

471 1721 523 1762 35
562 1709 596 1748 Le
630 1720 730 1746 meus
758 1704 804 1756 est
820 1705 969 1758 fizc'lus]
1010 1705 1075 1744 Sic

413 1764 673 1820 progreditur,
707 1761 807 1814 quali
826 1760 1074 1800 confeifionis

414 1835 540 1876 genus
562 1820 613 1869 lit,
632 1816 893 1859 aduersarium
907 1814 1074 1856 tacuisse.

411 1880 453 1919 St
475 1878 564 1932 quid
578 1888 713 1930 peccat,
737 1874 891 1921 Demea]
925 1877 970 1918 τῷ
999 1878 1077 1910 ἰδιω-

412 1938 520 1977 τωμῶ
540 1929 936 1984 interposuitDemea:
968 1941 1009 1969 et
1021 1943 1076 1971 re-

414 1992 580 2045 petitum
606 1989 671 2034 est,
691 2000 828 2041 peccat.
885 1989 934 2027 D.

468 2050 520 2100 36
548 2045 630 2101 Ego
643 2047 696 2085 illi
707 2057 915 2084 maxumam
929 2055 1074 2095 partem

401 2104 554 2157 feram]
585 2107 742 2149 Errant,
776 2100 841 2151 qui
865 2110 1001 2150 putant
1020 2098 1074 2137 illi

412 2159 492 2199 esse
523 2170 766 2212 pronomen,
795 2168 916 2206 quum
943 2155 985 2194 lit
1011 2155 1073 2194 ad-

412 2218 588 2255 uerbinm
602 2216 700 2253 loci:
723 2217 888 2264 vt(Aen.
900 2224 947 2258 11,
961 2212 1072 2262 548),

412 2272 465 2310 illl
487 2287 562 2313 mea
577 2271 696 2322 mflia
707 2271 814 2322 filta,
832 2267 1070 2322 Degenerem-

412 2343 480 2383 que
512 2327 789 2379 Neoptolemum
821 2338 977 2364 narrare
1003 2338 1069 2363 me-

412 2399 543 2424 memo.
598 2385 659 2423 Illi
685 2395 782 2434 ergo
812 2380 886 2429 ibi,
917 2380 977 2419 vbi
1002 2381 1070 2419 ille

411 2451 557 2492 peccat.
616 2441 751 2490 Quare
775 2436 930 2488 quidam
952 2438 1068 2476 etiam

410 2499 438 2536 11·
472 2495 650 2548 sfllabam
678 2493 917 2533 discretionis
946 2491 1069 2544 causa,

412 2565 449 2590 vt
472 2555 599 2590 locum
619 2549 815 2603 lignilicet,
840 2551 1067 2601 corripiunt.

411 2612 458 2648 Et
479 2609 700 2647 Maxumum
717 2618 879 2657 partem,
920 2607 1068 2657 optime

412 2666 518 2707 dicit.
572 2666 660 2702 Non
699 2663 804 2703 enim
837 2662 1061 2711 Vuiucrfiun,

413 2721 504 2774 quia
526 2732 608 2762 non
638 2717 739 2760 sotus
758 2729 866 2770 pater
881 2718 1067 2762 Aeschini

1720 953 1792 1003 40

1130 1083 1204 1127 est:
1234 1083 1300 1126 sed
1319 1085 1556 1133 Maxumum,
1586 1087 1679 1140 quia
1702 1087 1790 1127 eius

1129 1143 1255 1196 magis
1284 1141 1357 1190 est,
1397 1144 1506 1182 cuius
1532 1141 1631 1183 filius
1658 1144 1791 1196 coepit

1130 1195 1208 1239 esse
1228 1211 1298 1251 per
1314 1198 1579 1251 adoptionem.
1633 1199 1789 1255 Fer-am]

1129 1253 1338 1304 sustinebo,
1360 1254 1548 1295 tolerabo.
1605 1260 1656 1298 D.

1186 1324 1240 1366 37
1273 1312 1359 1351 Olet
1387 1311 1591 1368 vnguema]
1629 1316 1667 1353 A
1691 1311 1790 1353 sum-

1126 1381 1193 1407 mo
1219 1367 1266 1408 ad
1284 1369 1405 1408 imum
1424 1367 1618 1420 proposita
1635 1366 1792 1408 soluun-

1126 1435 1201 1464 tur.
1254 1427 1301 1465 Et
1319 1426 1415 1466 mira
1441 1426 1603 1464 varietas
1614 1424 1679 1474 est,
1704 1425 1788 1465 Olet

1127 1493 1348 1536 vnguenta,·
1382 1494 1435 1520 ne
1469 1480 1638 1531 diceret,
1677 1479 1813 1522 obse-¹

1127 1549 1205 1585 nat,
1230 1548 1351 1590 potat,
1381 1538 1587 1590 vnguitur:
1620 1550 1673 1578 ne
1695 1535 1788 1577 scili-

1126 1605 1188 1633 cet
1207 1593 1300 1632 haec
1320 1595 1608 1633 exercitationis
1620 1595 1787 1646 palestri-

1125 1661 1194 1687 cae
1212 1680 1221 1698 ,
1267 1663 1353 1688 non
1396 1650 1574 1691 luxuriae
1611 1650 1786 1690 diceren-

1123 1716 1194 1744 tur.
1252 1708 1302 1745 D.

1181 1761 1325 1802 Potat?
1345 1762 1414 1800 olet
1432 1774 1624 1817 vnguenta
1635 1761 1671 1817 ἓ]
1693 1758 1785 1803 Pris-

1126 1819 1226 1857 cian.
1248 1817 1314 1856 lib.
1334 1830 1432 1857 v111.
1489 1821 1529 1859 L.

1183 1876 1302 1913 Varro
1323 1873 1373 1913 de
1391 1879 1430 1915 L.
1452 1876 1492 1914 L.
1512 1887 1573 1915 v1.
1599 1874 1712 1926 Apud
1721 1873 1785 1913 Te·

1126 1929 1540 1981 rentium:fiortc1mr,
1561 1943 1680 1984 potat,
1711 1931 1784 1970 0!ae

1125 1987 1372 2041 vnguentur'n?
1401 1987 1445 2026 de
1468 2001 1559 2026 meo.
1613 1987 1784 2027 Scortari

1124 2043 1330 2095 estfiiepms
1359 2042 1622 2083 meretriculam
1640 2043 1782 2092 ducere,

1123 2113 1217 2152 quae
1243 2100 1340 2138 dista
1365 2115 1387 2139 a
1412 2098 1512 2152 pelle.
1570 2101 1657 2139 Hoc
1685 2103 1784 2139 Var-

1122 2170 1187 2204 1·0,
1219 2154 1331 2195 salsus
1357 2156 1590 2197 memoriae:
1630 2157 1781 2209 quippe

1123 2226 1259 2252 omnes
1281 2211 1400 2252 hodie
1421 2212 1504 2251 libri
1524 2210 1691 2264 obfhnat.
1737 2216 1781 2252 Β.

1179 2276 1229 2322 38
1256 2269 1424 2325 Amat?]
1452 2268 1544 2315 Πςδς
1564 2266 1616 2314 τδ,
1639 2271 1718 2311 Cur
1741 2282 1778 2308 a·

1120 2326 1227 2368 mat?
1281 2325 1384 2363 Dum
1428 2327 1501 2365 erit
1534 2325 1781 2379 commodum]

1118 2384 1223 2421 Dare
1243 2377 1397 2421 scilicet.
1454 2384 1503 2422 D.

1174 2438 1278 2476 Dum
1299 2441 1372 2476 erit
1392 2437 1636 2492 commodum]
1665 2433 1780 2489 Asco-

1119 2495 1208 2533 nius
1228 2507 1272 2534 1¹.
1298 2506 1356 2546 13.
1383 2495 1421 2533 in
1447 2497 1622 2534 Verrem.
1678 2497 1720 2535 L.

1174 2562 1227 2601 39
1261 2547 1330 2588 Vbi
1349 2553 1521 2602 nouerit]
1555 2554 1778 2603 Argentum

1119 2602 1277 2644 scilicet:
1310 2603 1372 2644 sod
1404 2607 1640 2647 Commodum
1670 2606 1773 2651 dare,

1119 2659 1425 2701 subaudiemlum
1473 2662 1540 2702 est.
1612 2660 1777 2712 Fortuffi

1118 2719 1333 2760 excludetur
1353 2717 1482 2771 joras]
1513 2722 1598 2763 Hoc
1618 2719 1670 2758 ita
1689 2731 1778 2813 pii,-

1679 2783 1721 2814 tu
1754 2784 1781 2826 t,
