1875 3244
651 131 952 183 ADELPH.

1369 143 1459 178 201

221 263 321 317 Ml.
359 261 559 314 Insanis?
598 262 735 310 aufer.
780 259 884 310 DE.
914 273 1018 320 age,
1063 255 1118 305 da
1145 257 1326 306 veniam*
1354 255 1462 306 filio.

325 338 421 390 Ml.
455 333 569 387 satin’
597 338 721 386 sanus
746 337 823 384 es?
857 352 942 397 ego

130 433 154 471 Ι
169 436 194 486 5
227 422 392 468 Nouus
419 418 600 463 maritus
622 431 739 461 anno
763 412 942 459 demum
966 411 1122 474 quinto
1148 419 1191 457 et
1210 407 1467 471 sexagesimo

226 498 377 543 Fiam:
419 505 546 556 atque
569 506 703 538 auum
734 488 1003 554 decrepitam
1030 485 1211 537 ducam!
1243 485 1348 533 idne
1371 484 1467 532 estis

327 565 527 616 anaores
551 566 662 614 mihi.
676 564 696 611 ?

227 641 329 694 ΑΕ.
367 648 403 691 F
406 661 477 691 ac:
517 639 695 708 promisi
720 657 805 702 ego
827 639 927 688 illis.
961 635 1062 686 Ml.
1093 635 1473 705 promistiautem?

107 725 132 749 ⁶
328 720 382 767 de
407 731 450 767 te
470 719 666 781 largitor,
683 732 814 784 puer.

93 944 183 1000 prio
222 942 411 983 vocabulo
448 938 533 982 vrus
565 939 641 988 est,
678 949 761 981 tan·

93 1015 215 1054 quam
243 1000 398 1052 loquaci
431 996 511 1052 (Cf.
533 996 690 1038 Phorm.
723 1010 759 1046 v,

96 1064 137 1108 s,
166 1061 238 1110 8·)·
294 1059 344 1097 D-

154 1115 256 1154 Fieri
282 1114 394 1153 aliter
412 1123 486 1152 non
509 1108 644 1166 potest]
672 1112 762 1150 Pars

95 1171 234 1222 vtique
250 1169 515 1210 Deliberatiua
532 1167 598 1218 est,
614 1171 681 1208 An
691 1176 762 1207 ne-

101 1223 205 1267 ceffe
225 1224 276 1265 fit.
331 1230 377 1268 E.

160 1295 212 1336 14
241 1278 410 1334 Infimis?
427 1280 557 1336 aufer]
569 1282 763 1333 Congrue

99 1336 183 1379 seni
220 1337 396 1378 Delirus:
432 1338 573 1378 iuueni
608 1336 764 1388 Infimis.

95 1398 149 1437 Et
174 1395 315 1448 Aufer,
351 1394 482 1443 velte,
508 1394 571 1434 vel
590 1404 762 1432 manum.

99 1455 201 1494 Nam
226 1464 380 1504 rogam,
398 1463 558 1490 manum
577 1449 765 1488 admouet

100 1507 255 1555 scilicet,
280 1506 414 1547 dicens
431 1507 497 1546 Mi
511 1518 632 1560 pater.
689 1506 765 1544 Au-

88 1565 181 1618 fer]
214 1567 294 1605 Aut
314 1576 350 1603 te
369 1561 486 1610 deest,
521 1571 585 1600 aut
601 1573 764 1602 manum.

101 1631 170 1660 aut
198 1633 268 1672 pro
296 1631 345 1658 eo
375 1617 480 1670 quod
512 1615 567 1657 est
591 1616 688 1657 Abi.-
727 1626 767 1655 vt

101 1676 157 1724 fir,
176 1675 297 1729 Aufer
315 1688 361 1714 te.
417 1673 468 1713 D.

155 1733 221 1772 Da
245 1734 390 1771 veniam
410 1728 513 1783 filio]
550 1725 623 1771 Ms.
651 1730 696 1767 R.
727 1737 767 1767 et

105 1800 197 1829 vett.
219 1787 331 1828 codd.
360 1785 426 1827 Da
443 1787 602 1835 veniam,
626 1783 767 1840 quaeso,

101 1845 197 1899 filio.
255 1847 297 1886 L.
615 1840 618 1853 ⁸

181 1903 234 1941 Vt
281 1898 503 1939 efficeretur
548 1897 770 1938 o&onarius

109 1956 301 1996 Iambicus
337 1954 619 2003 acatalefficus‚
662 1956 772 1993 Faer-

109 2026 184 2053 nus
215 2012 311 2051 illud
330 2010 414 2067 Ego
441 2008 619 2063 sequenti
649 2008 774 2051 versui

111 2066 347 2122 praeposuit.
403 2069 445 2108 B.

174 2136 222 2178 15
252 2124 334 2179 Ego
367 2135 484 2163 nouus
509 2124 683 2170 maritus]
719 2125 771 2163 A·

111 2180 193 2232 pud
210 2179 471 2222 Menandrum
493 2176 610 2219 senex
636 2178 688 2218 de
705 2192 774 2217 nu·

111 2239 205 2291 ptiis
225 2250 304 2276 non
324 2246 514 2290 grauatur.
574 2238 678 2288 Ergo
697 2237 773 2273 Te-

114 2295 263 2334 tentius
297 2293 487 2339 εὗςητικῶς.
541 2291 620 2346 Ego
657 2302 775 2328 nouus

111 2352 275 2390 maritus
303 2362 398 2387 anno
429 2348 568 2387 demum
589 2348 720 2400 quinto
740 2358 776 2384 et

102 2404 333 2461 sexagesimo
365 2401 479 2456 fiam!
525 2416 632 2457 atque
666 2415 778 2441 anum

115 2463 343 2516 decrepitam
367 2459 547 2515 ducam2]
578 2460 652 2499 Hic
672 2457 778 2498 deest

116 2530 160 2560 et
179 2517 297 2570 Quis,
327 2527 367 2556 et
384 2516 515 2573 Qid,
546 2526 586 2554 et
605 2515 778 2569 Qando,

118 2586 163 2615 et
180 2574 398 2628 Qcomodo:
432 2583 469 2612 vt
486 2569 542 2620 fit,
556 2572 685 2624 Quis?
702 2583 780 2626 ego,

121 2631 261 2683 Quid?
289 2639 405 2671 nouus
423 2627 592 2670 maritus.
647 2628 784 2681 Quan-

1361 792 1466 837 Dr..

810 937 889 980 do?
919 950 1016 980 anno
1034 934 1185 978 demum·
1195 937 1331 990 quinto
1343 947 1379 974 et
1387 933 1473 986 sex-

811 992 976 1054 agcfimO.
1032 992 1272 1046 Quomodo?
1292 1005 1403 1032 anum
1415 991 1474 1030 de-

810 1055 988 1105 crepitam
1010 1050 1151 1091 ducam.
1207 1051 1318 1090 Anno
1332 1049 1473 1087 demum

812 1111 943 1163 quinto
960 1121 996 1147 et
1003 1105 1253 1163 sexagesimo]
1285 1107 1394 1146 Haec
1412 1116 1472 1143 ae-

814 1176 870 1206 tas
891 1165 954 1215 est,
976 1176 1015 1204 vt
1032 1168 1153 1205 Varro
1172 1163 1235 1211 ait,
1271 1161 1388 1201 etiam
1408 1173 1475 1198 co-

811 1223 1002 1263 micorum
1031 1218 1176 1260 senum.
1231 1220 1279 1258 Et
1296 1217 1474 1264 Demum,

811 1278 1041 1319 aduerbium
1064 1274 1251 1314 tarditatiS
1267 1272 1332 1313 est.
1369 1277 1422 1316 D.

868 1334 948 1390 Ego
984 1345 1099 1372 nouus
1128 1333 1304 1382 maritus]
1344 1333 1476 1383 Repu-

815 1405 909 1444 gno.
964 1388 1029 1430 Ab
1051 1386 1259 1427 inhonesto
1271 1398 1478 1439 argumen-

815 1459 896 1487 tum
924 1446 1112 1498 ponitur:
1159 1446 1225 1484 Au
1269 1452 1384 1494 turpe
1420 1440 1475 1489 fit,

814 1515 975 1544 vxor-em
1006 1501 1174 1550 ducere,
1215 1498 1331 1538 etiam
1359 1510 1477 1537 anum

814 1559 971 1598 ducere.
1031 1561 1077 1598 Ε.

875 1617 925 1658 16
962 1615 1082 1667 Atque
1119 1625 1227 1651 anum
1257 1611 1478 1663 decrepitam

815 1672 944 1712 ducam
955 1670 994 1724 !]
1025 1672 1113 1711 Hoc
1130 1667 1256 1707 facete
1266 1666 1386 1712 addit,
1397 1676 1482 1705 tan-

817 1741 933 1781 quam
960 1724 1183 1765 faciendum
1215 1723 1288 1763 hoc
1308 1719 1422 1769 estet,
1452 1721 1481 1761 fi

818 1784 949 1838 puella
987 1782 1192 1822 duceretur
1228 1777 1323 1819 seni.
1390 1778 1481 1818 Idne

819 1839 899 1894 estis
927 1840 1091 1880 auftores
1124 1836 1269 1890 mihi?]
1310 1837 1397 1875 Hoc
1425 1832 1480 1874 est

820 1892 1073 1952 persuasores.
1102 1906 1141 1933 vt
1150 1894 1260 1945 Virg.
1271 1894 1390 1944 (Aen.
1402 1902 1480 1940 xn,

825 1953 936 2008 159)
965 1952 1182 2005 Auc‘lorego
1193 1948 1365 1988 audendi.
1405 1946 1485 1986 De-

823 2007 1022 2062 crepitam]
1053 2007 1300 2058 Decrepitam‚
1329 2013 1392 2042 aut
1411 2002 1483 2042 sto-

822 2064 964 2106 macho
992 2064 1085 2102 auili
1116 2073 1154 2102 et
1179 2059 1385 2100 iracundo:
1414 2068 1482 2098 aut

822 2123 1044 2172 decrepitam
1071 2116 1190 2158 obtusi
1210 2116 1331 2156 animi
1351 2125 1390 2154 et
1406 2115 1484 2154 lae-

823 2176 885 2219 sae
906 2175 1124 2216 seneskutis.
1155 2183 1222 2213 aut
1251 2173 1482 2224 decrepitam,

824 2236 889 2273 cui
918 2230 1033 2283 saepe
1057 2229 1316 2270 moribundae
1328 2240 1485 2281 crepue-

826 2291 874 2330 rit
894 2289 1050 2340 planuu
1071 2285 1224 2331 familia,
1254 2284 1293 2324 id
1315 2283 1380 2333 est,
1415 2284 1486 2323 cla-

826 2344 1002 2385 mauerit.
1058 2344 1108 2382 l).

884 2412 936 2453 17
955 2397 1151 2454 Largitor]
1170 2396 1344 2437 Verbum
1357 2394 1409 2436 est
1419 2396 1488 2435 im-

828 2456 997 2511 peratiui
1014 2455 1136 2504 modi,
1155 2453 1274 2494 futuri
1288 2452 1482 2502 temporis.

829 2515 891 2554 De
920 2526 956 2552 te
976 2512 1159 2566 largitor,
1184 2509 1294 2564 puer]
1324 2509 1487 2549 Acutius

831 2570 893 2610 De
909 2582 944 2610 te
965 2567 1110 2607 diuum
1133 2565 1199 2614 est,
1220 2579 1338 2618 quam
1352 2566 1394 2604 de
1411 2577 1486 2602 tuo.

830 2630 882 2670 Et
907 2625 1014 2666 bene
1042 2625 1086 2663 in
1115 2636 1228 2674 eum,
1258 2622 1323 2676 qui
1349 2621 1490 2675 promi-

945 2684 983 2722 N
1014 2692 1038 2735 ς
1392 2673 1490 2717 serat
