1875 3244
670 161 966 210 ADELPH.

1388 173 1478 220 173

245 295 487 349 Ocoelum,
512 304 678 345 eterra,
704 291 876 340 omarin
887 287 1114 353 Neptuni!
1136 281 1231 334 Μι.
1258 285 1360 333 hem
1382 286 1474 339 tibi,

109 533 253 585 quitur.
310 535 358 573 Et
387 543 541 584 praeter
568 528 767 576 ὅιειπόςησιν,

110 587 155 628 in
181 583 367 629 Aeschini
379 598 537 640 peceato
551 587 769 627 Micionem

111 642 318 685 accusauit:
351 646 391 683 in
410 642 666 693 Cteiiphonis.
693 642 770 680 ele·

110 711 245 739 menta
284 714 371 739 cum
398 702 480 741 Diis
510 698 691 738 omuibus
726 707 769 735 ac

114 766 196 794 toto
217 756 380 795 mundo.
437 756 539 796 Mira
558 752 700 800 αὔξησις,
733 763 770 790 et

115 825 231 863 quam
268 814 438 851 imitatur
466 811 651 863 Virgilius
680 809 769 862 (Ge.

115 881 178 916 lv,
200 870 312 920 504.)
331 870 373 906 in
384 866 556 917 Orpheo,
576 861 775 918 postamis-

117 923 196 963 sam
215 921 338 963 rursus
347 923 584 976 Eurydicen,
605 919 774 975 Qidfil·

118 981 244 1023 seret?
265 981 400 1032 iuquit.
423 979 553 1018 omnia
565 980 672 1017 enim
684 989 776 1016 cou-

118 1032 299 1075 sumserat
332 1036 478 1088 primus
508 1034 631 1073 dolor.
689 1032 774 1083 Quo

114 1093 157 1143 se
197 1104 306 1144 rapta
346 1090 401 1130 bis
444 1093 592 1146 coniuge
623 1088 777 1141 firret?

121 1161 213 1187 nam
225 1146 331 1199 quid,
343 1158 495 1200 praeter
512 1159 647 1186 omnes
660 1156 776 1185 terras

123 1214 241 1254 atque
260 1202 418 1252 inferos,
439 1203 512 1242 loci
530 1201 778 1241 remanebat?

123 1257 319 1313 Qofletu
336 1272 475 1299 manes:
495 1271 565 1311 per
582 1271 698 1310 quem
712 1258 779 1296 de-

128 1327 211 1354 tum
235 1328 389 1364 manes,
423 1315 526 1366 quaii
547 1327 680 1353 omnes
707 1313 779 1365 pri·

128 1372 203 1410 mis
230 1370 390 1410 lucffibus
415 1372 644 1421 impleuerat
661 1371 780 1420 lacry-

128 1427 212 1466 mis.
269 1425 355 1481 Qui
382 1430 530 1465 numina
556 1439 645 1465 voce
667 1437 781 1463 moue-

128 1487 213 1522 ret?
242 1495 301 1521 cui
334 1496 407 1522 nec
424 1484 477 1521 ira
494 1482 654 1534 quidem
673 1484 781 1520 inex-

131 1547 242 1590 pena
260 1536 503 1577 remanserat.
558 1541 606 1578 Et
627 1534 787 1576 videhic

132 1594 275 1648 gradus
303 1593 445 1632 doloris
479 1602 520 1632 et
550 1592 786 1638 iracundiae,

134 1649 176 1689 in
195 1660 342 1688 tantum
355 1660 479 1689 autem
491 1649 649 1700 (anetae)
663 1659 702 1685 vt
712 1648 787 1686 iam

136 1701 307 1745 crescere
342 1718 424 1744 non
452 1704 601 1756 poffint.
641 1705 787 1754 quippe

134 1762 175 1800 in
197 1761 308 1800 initio
325 1759 479 1800 fabulae
505 1770 656 1799 tantum
676 1759 787 1798 tristis

139 1817 192 1856 est
215 1821 378 1858 Demea.
433 1816 534 1856 Nam
559 1815 607 1854 {ic
633 1814 737 1854 audit
766 1829 788 1853 a

135 1874 334 1920 Micione‚
374 1872 482 1927 Qid
508 1870 621 1922 tristis
645 1871 710 1915 es?
749 1881 788 1910 et

137 1927 231 1979 ipse,
252 1928 375 1982 Rogas
399 1929 482 1971 me?
510 1926 574 1965 vbi
591 1925 695 1966 nobis
717 1929 788 1966 Ae-

128 1983 284 2033 Jt'hinus
315 1983 407 2034 fiet?
447 1984 536 2036 quid
578 1982 692 2032 tristis
722 1996 787 2036 ego

127 2038 222 2090 fim?
248 2038 345 2079 inde
363 2051 452 2077 mox
473 2039 642 2090 procedit
668 2040 707 2077 in
723 2050 787 2090 pe-

140 2097 216 2134 ius:
244 2094 342 2134 adeo
369 2103 408 2133 vt
433 2093 480 2134 fic
498 2095 675 2146 incipiat,
703 2092 792 2144 th

136 2152 253 2204 perii!
276 2149 520 2204 Ctesiphonem
533 2149 657 2190 audiui
664 2147 790 2201 filium

142 2216 215 2246 vna
239 2204 350 2259 fisiffl
375 2208 413 2245 in
436 2208 604 2260 raptione
625 2220 702 2245 cum
728 2207 794 2244 Ae-

133 2261 279 2313 fihino.
335 2261 430 2302 Inde
446 2262 574 2315 postea
585 2263 689 2310 dicit,
710 2261 795 2299 Nae

143 2333 208 2374 ogo
230 2318 335 2356 homo
347 2317 435 2368 fiam
454 2316 610 2368 infelix!
637 2317 700 2357 Ad
722 2329 796 2368 po-

145 2375 339 2422 stremum,
356 2373 429 2413 Hes·
449 2373 562 2418 mihi!
591 2374 682 2427 quid
697 2373 797 2424 fitci-

148 2433 231 2469 am?
268 2428 359 2482 quid
387 2434 519 2483 agam?
556 2432 605 2470 Et
634 2428 796 2468 naturali

146 2483 434 2538 quodammodo
448 2515 457 2533 ‚
490 2484 687 2536 postquam
705 2481 796 2523 sum-

148 2553 232 2580 mus
259 2539 363 2579 furor
388 2538 436 2579 ad
462 2551 632 2580 extrema
650 2552 794 2592 perue-

146 2599 213 2643 nit,
235 2607 398 2648 repente
415 2591 531 2638 senex
549 2607 726 2644 mutatur,
756 2606 794 2635 et

143 2655 248 2697 mitit
269 2647 332 2694 est.
389 2654 440 2694 D.

801 1354 807 1360 ,
829 1312 998 1362 Miscere.

1333 395 1356 440 5
1395 381 1475 424 Re-

872 524 946 567 Hei
964 520 1077 565 mibi!
1100 520 1369 577 quidfaciam?
1386 520 1477 573 quid

818 597 842 622 a
869 588 953 623 am?
983 581 1074 636 quid
1098 578 1300 631 clamem3]
1328 577 1477 618 Defen-

819 597 931 679 signis
951 635 1044 675 illud
1064 634 1265 675 exordium
1282 631 1344 672 est.
1375 637 1419 674 E.

875 708 902 747 4
937 694 970 732 Ο
987 694 1142 735 coelum!
1169 705 1189 729 ο
1211 690 1334 733 terra!
1363 703 1383 727 o
1404 702 1478 727 ma·

819 752 878 790 ria
894 750 1089 802 Neptuni!
1099 749 1117 802 ]
1148 749 1367 798 Neptunus,
1387 745 1478 796 quia

820 805 970 847 medius
995 804 1039 844 fit
1065 805 1166 844 inter
1190 802 1342 841 coelum
1363 813 1401 839 et
1421 802 1480 839 in-

821 862 938 910 feros,
960 862 1055 900 dum
1069 856 1385 910 vtriusqueregni
1396 870 1482 908 par-

825 916 960 970 ticeps'
978 916 1143 956 habetur
1152 945 1161 963 ‚
1191 915 1479 954 elementorum

825 976 999 1014 omnium
1018 974 1145 1024 potior
1162 971 1352 1024 (potitor).
1381 970 1479 1008 Nam

826 1031 917 1070 ideo
938 1030 1148 1069 tridentem
1167 1026 1298 1076 habet,
1317 1037 1388 1077 pro
1411 1038 1482 1063 nu·

824 1099 933 1127 mero
960 1087 1074 1125 trium
1109 1085 1410 1123 elementorum:
1442 1090 1482 1118 vt

827 1143 932 1195 apud
965 1141 1175 1195 Virgilium
1206 1137 1348 1177 idcirco
1388 1136 1482 1175 dicit

826 1202 947 1252 (Aen.
965 1210 996 1246 1,
1018 1198 1144 1251 133),
1164 1195 1244 1234 Iam
1264 1195 1398 1233 coelum
1409 1206 1484 1231 ter-

827 1267 974 1308 ramque
989 1267 1064 1294 meo
1073 1250 1155 1303 sine
1180 1252 1337 1298 numine,
1365 1249 1481 1296 venti,

1053 1313 1104 1350 Et
1131 1306 1233 1360 apud
1266 1309 1484 1347 Homerum

829 1367 876 1407 fic
905 1366 1009 1405 idem
1027 1364 1120 1417 (Οά.
1141 1372 1169 1412 ε’,
1195 1363 1329 1416 291.),
1358 1359 1411 1404 ἅς
1438 1366 1486 1397 εἰ·

833 1423 920 1470 κᾶν,
950 1421 1088 1468 σύναγεν
1107 1426 1257 1467 νεφέλας,
1285 1421 1426 1464 ἐτάραξε
1444 1414 1486 1454 33

829 1476 968 1526 πόντον,
1001 1485 1098 1523 Χερσ)
1128 1482 1273 1524 τρίαιναν
1300 1473 1394 1512 “adv-
1422 1476 1488 1508 πά-

831 1551 892 1577 σας
926 1534 954 1571 δ’
983 1531 1139 1580 ὀρόθυνεν
1165 1536 1286 1573 ἀέλλας
1320 1535 1486 1569 Παντοίων

831 1596 964 1635 ἀνέμων·
977 1590 1036 1626 cdv
1053 1587 1090 1626 δὲ
1108 1594 1252 1634 νεφέεσσι
1264 1589 1390 1627 κάλυψε
1410 1589 1487 1624 rx?—

837 1661 878 1684 σιν
894 1648 970 1690 ‘bufli
996 1653 1048 1681 aa}
1077 1640 1206 1682 πόντον.
1263 1643 1310 1682 Et
1336 1640 1411 1679 hoe
1432 1637 1488 1677 est

838 1701 943 1753 quod
962 1702 1015 1739 ait
1033 1700 1211 1740 Horatius
1232 1699 1273 1737 in
1282 1701 1377 1738 Arte
1396 1707 1489 1745 poe·

837 1760 912 1796 tica
929 1759 1048 1809 (93.).
1104 1755 1295 1794 Interdum
1319 1765 1438 1792 tamen
1453 1763 1488 1789 et

837 1827 958 1860 vocem
982 1812 1175 1852 Comoedia
1198 1808 1306 1849 tollit.
1337 1807 1490 1849 Inhaee

838 1871 947 1909 enim
971 1870 1040 1907 tria
1057 1880 1182 1906 rerum
1197 1878 1332 1905 natura
1352 1863 1492 1902 diuidi-

838 1937 907 1964 tur.
967 1927 1016 1964 Vt
1044 1924 1151 1975 Vin-g.
1179 1924 1300 1975 (Aen.
1327 1934 1363 1968 1,
1401 1920 1492 1970 62.)

838 1983 1027 2032 Principio
1046 1982 1176 2024 maria,
1197 1993 1237 2017 ac
1258 1990 1388 2022 terras,
1417 1987 1493 2012 coe·

840 2038 979 2090 Iamque
1017 2036 1260 2088 proflutdum.
1331 2034 1377 2072 Et
1421 2041 1492 2081 pei·

839 2093 912 2132 hoc
933 2103 1058 2131 totum
1078 2090 1266 2130 mundum
1293 2085 1494 2126 accusauit.

843 2149 877 2187 O
909 2148 1058 2187 coelum!
1097 2160 1117 2184 o
1150 2147 1274 2188 terra!
1315 2157 1335 2180 ο
1374 2145 1495 2180 maria

840 2203 1059 2256 Neptunil]
1104 2205 1241 2241 Vtrum
1274 2202 1379 2240 Deos
1418 2199 1498 2238 ele-

842 2271 972 2299 menta
991 2258 1152 2307 vomuit,
1181 2254 1284 2307 quod
1302 2255 1384 2295 Diis
1404 2266 1498 2304 quo—

845 2329 923 2366 que
943 2311 1129 2360 irascitur,
1156 2313 1222 2363 qui
1250 2313 1291 2350 in
1318 2312 1362 2349 iis
1393 2323 1496 2348 com-

845 2380 1060 2414 morantur,
1091 2379 1128 2407 vt
1150 2368 1328 2407 dolentes
1346 2365 1497 2407 solent?

844 2430 910 2466 An
929 2426 1018 2477 quia
1040 2427 1147 2464 Deos
1175 2421 1252 2462 esse
1272 2435 1349 2462 non
1372 2432 1496 2473 putat,

844 2483 934 2522 ideo
959 2480 1051 2519 haec
1083 2480 1214 2518 omnia
1243 2479 1415 2529 Neptuni
1442 2477 1498 2514 di-

844 2539 917 2576 cit:
952 2535 1052 2588 quasi
1081 2536 1248 2575 dicturus
1274 2532 1385 2578 efl'et,
1423 2534 1498 2571 Ne—

840 2591 1102 2646 ptuniafiant,
1137 2590 1206 2630 nisi
1237 2588 1498 2629 intercederet

842 2647 1007 2705 persona
1042 2647 1259 2704 Micierris:¹
1299 2659 1414 2699 quem
1447 2645 1499 2680 xi.

1386 2711 1497 2756 uens,
