1875 3292
386 198 484 259 364

763 188 921 237 ACT.
950 188 1025 234 iv.
1069 185 1264 256 scEN.
1292 188 1364 233 iv,

515 326 629 372 Non
650 320 813 367 mirum
833 317 935 364 fecit
954 333 1060 363 vxor
1082 332 1192 367 mea,
1214 312 1244 362 {i
1266 315 1352 363 hoc
1371 330 1498 377 aegre
1520 316 1645 364 tulit:

520 403 705 445 Amarae
728 394 931 441 mulieres
957 392 1067 444 sunt,
1089 408 1181 438 non
1202 390 1324 438 facile
1348 391 1453 438 haec
1475 392 1647 439 ferunt.-

517 478 755 537 Propterea
777 470 883 516 haec
902 462 1037 514 ira'st:
1071 482 1172 512 narn
1195 466 1281 531 ipsa
1303 469 1494 514 narrauit
1515 467 1650 524 mihi3

420 562 489 615 90
527 549 576 596 Id
598 564 680 609 ego
705 547 789 592 hoc
810 543 1030 610 praesente
1048 542 1128 589 tibi
1149 541 1352 588 nolebam
1376 542 1542 590 dicere:

519 630 684 687 Neque
706 620 766 668 illi
791 618 1020 668 credebam
1040 620 1210 683 primo:
1247 634 1366 663 nunc
1389 634 1494 665 vero
1520 619 1662 682 palam
1677 616 1753 667 est-

518 705 642 748 Nam
665 698 848 744 omnino
871 694 1108 742 abhorrere
1131 695 1328 740 animum
1351 693 1454 740 huic
1474 694 1601 742 video
1631 712 1654 744 a
1675 712 1754 742 nu·

621 776 740 840 ptiis.

518 850 617 899 LA.
641 848 764 904 Quid
789 865 895 909 ergo
918 863 1056 908 agam,
1075 839 1325 910 Phidippe?
1347 844 1453 909 quid
1476 845 1548 892 das
1559 843 1756 909 consilii?

516 925 619 977 PH.
661 925 782 979 Quid
812 925 943 985 agas?
982 923 1259 970 meretricem
1288 921 1400 968 hanc
1429 923 1629 987 primum
1659 921 1756 968 ade-

617 999 784 1049 undam
808 999 959 1047 censeo
975 1017 986 1046 :

440 1191 494 1240 87
523 1181 585 1224 Ob
607 1178 756 1222 versum
777 1190 814 1221 et
824 1175 970 1221 sensnm
982 1177 1048 1219 de-

382 1243 424 1285 le
445 1243 549 1283 Mea.
581 1287 585 1291 Α
608 1242 706 1279 Nam
737 1251 819 1279 nou
842 1237 1046 1288 Myrrhina

383 1298 511 1353 potest
531 1296 713 1349 intelligi,
741 1292 805 1333 sed
826 1307 920 1332 vxor
941 1296 1047 1332 Pani-

381 1356 483 1412 phili
494 1354 733 1400 Philumena,
748 1361 784 1388 vt
798 1347 905 1400 supra
916 1361 984 1402 73.
1004 1350 1045 1388 B.

439 1419 488 1461 88
521 1412 679 1449 Amarae
708 1406 894 1454 mulieres]
926 1404 1047 1456 Quafi

380 1468 439 1508 vir
469 1467 566 1506 dixit
596 1479 741 1504 amaras
762 1461 940 1501 mulieres.
966 1475 1047 1500 non

381 1525 492 1565 enim
512 1521 660 1568 laudat,
689 1518 752 1559 sed
775 1516 919 1558 causam
941 1518 1048 1565 dicit,

382 1580 491 1620 vnde
521 1592 615 1617 vxor
643 1575 850 1615 ull'enderit
870 1573 1048 1624 Pamphi-

382 1637 467 1676 lum
487 1637 581 1686 (vxo
589 1648 663 1671 rem
675 1632 874 1682 offenderit
887 1629 1050 1680 I’amphi-

384 1693 472 1743 lus).
529 1688 758 1738 N'onsacile
787 1686 870 1723 haec
898 1684 1047 1737 ferunt]

383 1751 478 1789 Non
511 1744 624 1784 facile
654 1744 783 1781 serunt
814 1742 1048 1792 pellicatum,

383 1814 519 1854 neque
548 1812 719 1839 amorem
751 1799 909 1836 aliarum
933 1798 974 1834 in
997 1796 1048 1835 vi-

387 1862 452 1900 ris.
509 1860 554 1897 Ι).

437 1913 610 1962 Amarae]
660 1908 904 1957 Menander,
947 1905 1050 1956 φύτει

384 1971 466 2018 ’γυνή
495 1967 642 2013 sommia
668 1974 712 2008 ἐςι
741 1975 794 2005 καὶ
822 1964 947 2012 πικρδν.
981 1962 1045 2006 Cf.

386 2027 502 2068 Ouid.
526 2032 572 2066 Λ.
595 2032 639 2065 Α.
662 2037 709 2067 n.
740 2035 830 2076 373.
885 2025 948 2061 W.

445 2090 496 2137 89
528 2083 627 2122 Nam
646 2078 721 2133 ipfiz
742 2079 915 2117 narrauit
937 2073 1048 2128 mihi]

386 2143 527 2180 Vtrum
549 2138 657 2177 linxit
676 2137 769 2175 haec
785 2131 921 2174 tmiss'e
934 2133 1049 2171 tiliam

385 2196 482 2235 fibi?
513 2209 560 2234 an
597 2207 688 2233 vero
711 2193 800 2230 aare}
820 2190 860 2228 τδ
881 2187 1049 2231 σιωπώμε-

385 2270 433 2290 νον
462 2250 601 2290 saelum
641 2249 719 2291 est?
755 2244 840 2300 Ego
869 2257 1050 2284 neutrum

384 2320 500 2361 puto:
530 2318 567 2346 et
590 2306 634 2345 lic
656 2304 846 2355 intelligo,
876 2301 979 2353 quod
1000 2300 1051 2339 de

383 2377 501 2404 vxore
531 2361 592 2402 sua
614 2362 736 2406 dicat,
766 2359 846 2412 ¹Pst¹
877 2358 1051 2397 narrauit

383 2420 499 2460 mihi:
539 2416 751 2457 secundum
797 2413 892 2453 iilud
939 2411 1046 2465 quod

384 2473 497 2526 supra
519 2474 622 2519 dixit,
643 2475 757 2512 Nune
777 2470 868 2510 mihi
884 2470 922 2509 in
939 2483 1046 2509 men-

386 2543 465 2570 tem
489 2531 606 2573 scuit,
641 2530 690 2567 de
714 2529 782 2566 hac
802 2541 843 2566 re
867 2526 970 2576 quod
991 2526 1045 2564 lu-

384 2598 470 2626 cum
500 2597 539 2624 es
559 2586 649 2622 olim
668 2615 674 2627 ,
712 2597 830 2636 quum
852 2583 961 2621 illum
981 2593 1047 2635 ge-

385 2655 526 2682 nerum
565 2641 745 2689 cepimus.
804 2642 899 2677 Nam
931 2650 1048 2690 nega·

385 2698 452 2739 bas
479 2708 643 2750 nuptam
672 2694 790 2735 filiam
817 2705 919 2733 tuam
942 2689 1050 2746 poffe

1096 1189 1136 1221 te
1155 1178 1235 1233 pati
1262 1191 1348 1219 cum
1367 1191 1438 1227 ec,
1482 1178 1550 1231 qui
1578 1176 1758 1217 meret'n'-

1095 1250 1180 1276 cem
1214 1246 1381 1277 amaret:
1415 1235 1480 1288 qui
1511 1235 1758 1286 pernoeiaret

1093 1292 1199 1333 foris.
1257 1295 1305 1332 l).
1409 1298 1413 1303 ‘

1151 1361 1206 1401 90
1247 1351 1317 1388 Pro
1346 1345 1531 1388 Nolebam
1557 1346 1686 1398 plures
1714 1345 1757 1384 ii-

1098 1418 1177 1457 que
1214 1405 1394 1444 meliores
1431 1403 1517 1443 libri
1561 1401 1756 1441 exhibent

1101 1462 1318 1502 Noluemm.
1376 1462 1418 1501 B.

1151 1529 1205 1571 91
1251 1518 1379 1569 Neque
1400 1514 1455 1553 illi
1475 1513 1661 1556 credebam
1677 1516 1758 1565 prf-

1099 1576 1186 1624 mo]
1239 1576 1371 1624 Quare
1419 1586 1502 1611 non
1547 1569 1757 1612 credebas?

1101 1643 1270 1682 namque
1295 1642 1446 1667 amarae
1472 1627 1519 1665 ad
1548 1626 1649 1664 hanc
1672 1638 1756 1664 rem

1100 1686 1283 1724 mulieres
1306 1682 1398 1731 sunt,
1417 1694 1456 1721 et
1470 1681 1579 1733 saepe
1593 1681 1642 1719 de
1655 1680 1756 1719 nihi·

1101 1740 1138 1778 lo
1173 1736 1411 1789 suspiciosae.
1470 1740 1514 1778 Et
1551 1737 1657 1776 bene
1684 1736 1757 1776 hoc

1100 1794 1265 1842 addidit,
1294 1808 1344 1833 ne
1376 1789 1537 1832 rimuiss'e
1564 1804 1755 1846 generum

1100 1852 1312 1891 videretur.
1367 1851 1415 1890 D.

1154 1910 1225 1946 Pro
1257 1908 1352 1947 Vero
1392 1903 1604 1944 Bembinus
1642 1904 1757 1945 habet

1102 1963 1262 2006 Verum;
1294 1960 1531 2015 quodmagis
1545 1963 1684 2014 placet.
1714 1964 1757 2001 Β.

1155 2032 1208 2072 92
1239 2022 1273 2059 A
1301 2021 1456 2070 nuptiis]
1485 2021 1575 2057 Non
1605 2018 1702 2057 dixit
1723 2019 1757 2056 A

1094 2074 1177 2126 filia
1196 2090 1295 2115 mea:
1324 2071 1387 2114 sed
1410 2075 1511 2125 quod
1532 2077 1758 2125 patei-Pam-

1100 2132 1196 2183 phili
1223 2133 1343 2185 magis
1371 2131 1520 2177 doleat,
1558 2133 1589 2170 Α
1617 2132 1759 2182 nuptiis

1100 2189 1238 2239 inquit.
1330 2191 1425 2226 Nam
1486 2185 1758 2226 Philumenam

1101 2245 1219 2292 nolle,
1248 2244 1328 2283 irati
1351 2242 1424 2282 est:
1457 2238 1578 2281 odiss'e
1594 2243 1757 2294 nuptias,

1100 2302 1285 2340 amatoris.
1343 2301 1389 2339 D.

1153 2370 1205 2410 93
1244 2355 1350 2410 Qid
1383 2367 1468 2409 ergo
1501 2368 1627 2410 agam,
1666 2352 1760 2393 Phi-

1095 2413 1254 2464 dippe'?}
1286 2413 1387 2452 Mire
1414 2410 1666 2453 conturbatus·
1695 2423 1760 2461 pa-

1097 2481 1174 2515 ter,
1206 2467 1305 2519 quali
1325 2480 1384 2506 res
1412 2463 1475 2505 sua
1494 2477 1643 2505 tantum
1666 2478 1759 2517 aga-

1097 2535 1169 2563 tur.
1226 2526 1271 2563 Et
1312 2522 1400 2562 vide
1427 2520 1758 2573 quemadmodum

1096 2583 1213 2620 Poeta
1241 2579 1411 2618 latenter
1436 2577 1590 2618 festinet
1623 2575 1671 2616 ad
1703 2587 1762 2613 re-

1097 2649 1182 2675 rum
1204 2635 1485 2686 cognitionem.
1542 2635 1591 2672 D.

1158 2703 1214 2745 94
1242 2690 1483 2732 Meretricem
1513 2687 1621 2737 banc]
1651 2690 1761 2727 Bene

1640 2744 1762 2792 Ηαησ,
