1875 3292
379 219 481 281 446

782 216 1002 264 ACT..1.
1045 216 1240 265 SCEN.
1268 219 1340 264 111.

418 362 439 399 ι
454 362 481 411 5
514 345 635 404 Quid
667 362 752 408 ego
782 361 832 392 ex
852 343 933 393 hac
962 345 1111 411 inopia
1133 361 1253 394 nunc
1271 348 1458 413 capiam,
1495 348 1662 414 etquid
1683 360 1733 399 tu

609 440 660 469 ex
680 422 776 469 istac
802 423 942 487 copia.

509 503 573 548 Vt
596 515 652 545 ne
671 498 838 550 addam,
871 497 992 561 quod
1016 495 1105 545 sine
1134 496 1276 546 sumtu
1295 499 1555 560 ingenuam,
1582 501 1733 550 libera-

608 575 696 621 lem
719 571 870 620 ῃεᾶιιε
899 591 965 619 es:

511 650 647 706 Quod
669 650 814 704 habeS,
835 652 892 696 ita
913 659 958 697 vt
977 646 1168 708 voluisti,
1181 665 1359 698 vxorem
1380 647 1468 698 fine
1489 651 1598 704 mala
1619 652 1732 700 fama

605 725 747 790 palam
760 743 770 770 ε

508 803 689 856 Beatus3
721 803 767 848 ni
798 816 934 848 vnum
966 800 1052 848 hoc
1085 797 1212 854 desit,
1243 801 1413 848 animus
1445 803 1523 865 qui
1542 800 1733 852 modeste

604 875 728 923 istaec
759 876 878 923 ferat.

507 955 566 1003 Et
585 950 614 999 fi
639 951 716 999 tibi
737 969 805 998 res
827 950 877 999 fit
895 969 998 1001 cum
1022 968 1076 1000 eo
1099 947 1284 1007 lenone,
1315 969 1506 1018 quocum
1525 953 1635 1002 mihi
1657 952 1734 1009 est,

605 1038 702 1075 tum
724 1027 891 1075 sentias-

431 1261 483 1304 ις
512 1247 619 1308 Qid
649 1260 715 1304 ego
739 1262 787 1289 ex
814 1246 881 1288 hac
903 1248 1029 1301 inopia

372 1320 467 1348 nunc
493 1305 653 1360 capiam]
680 1304 940 1345 Infortunium
966 1302 1029 1344 sei-

371 1365 472 1405 licet.
528 1363 583 1404 Et
602 1362 691 1417 quid
700 1374 740 1400 tu
749 1375 796 1401 ex
806 1360 892 1414 {liae
903 1361 1027 1416 copia]

370 1421 549 1462 Fruatum
573 1433 616 1459 ae
634 1418 870 1460 felicitatem.
923 1422 973 1459 D.

1666 1123 1731 1156 20

1076 1260 1245 1290 amorem
1264 1247 1477 1290 maritalem
1497 1246 1592 1292 effe:
1620 1247 1729 1292 suum

1077 1306 1184 1345 velut
1209 1306 1386 1360 prodigi,
1421 1307 1523 1346 velut
1551 1305 1728 1347 scortato-

1076 1363 1136 1402 ris.
1193 1365 1240 1402 D.

1137 1430 1185 1472 17
1213 1417 1324 1470 Qod
1341 1415 1457 1467 habes,
1478 1420 1534 1458 ita
1551 1432 1591 1460 vt
1610 1417 1728 1460 volui.

425 1480 603 1528 Repone,
622 1474 724 1532 Qid
739 1488 801 1529 ego
819 1474 888 1513 hdc
906 1487 956 1512 ex
975 1474 1029 1512 in-
1065 1472 1138 1528 sti]
1169 1473 1322 1526 Voluisti
1339 1471 1725 1530 subdistinguendum

370 1533 460 1586 opici
478 1546 572 1573 nunc
588 1546 738 1584 captam,
758 1545 795 1570 et
811 1530 904 1583 quad
923 1543 964 1569 tu
982 1543 1029 1568 ex
1077 1532 1148 1578 est,
1179 1542 1217 1570 et
1244 1531 1292 1570 11'c
1317 1531 1531 1584 legendum
1558 1546 1724 1573 vxorem.

372 1588 460 1642 istac
480 1602 508 1626 c.
572 1591 625 1629 Vt
642 1587 814 1640 oppofita
834 1587 908 1634 illa,
928 1586 1022 1635 Hac,

370 1644 474 1697 Istae,
496 1643 610 1683 ambo
631 1654 827 1682 acuantur.
884 1644 923 1681 B.

431 1703 480 1742 16
508 1700 559 1739 Vt
579 1713 622 1737 ne
641 1698 791 1750 addam]
822 1702 1026 1743 Παρᾰλειψις

370 1753 514 1808 figura,
551 1756 589 1794 in
620 1767 698 1805 qua
717 1754 822 1791 velut
839 1766 885 1791 ex
907 1750 1026 1789 abun-

372 1811 477 1851 danti
488 1820 764 1850 enumerantur
777 1808 931 1847 ad'ieeta.
974 1807 1023 1846 Vt

372 1882 414 1907 ne
450 1866 609 1920 addam]
657 1869 776 1911 Σχῆμα
812 1868 1022 1910 παράλειψις.

376 1924 428 1963 Vt
454 1922 514 1970 ne]
556 1921 677 1973 Quod
708 1921 844 1961 Graeci
878 1922 928 1957 ἵνα
958 1917 1018 1964 μῆ.

372 1981 589 2034 Ingcnuam,
617 1977 797 2018 liberalem
823 1977 950 2016 nat-”tus
970 1975 1022 2029 es]

370 2038 457 2076 Hoc
476 2035 670 2079 natalium,
693 2033 787 2071 illud
799 2045 945 2071 morum
957 2030 1022 2071 est.

374 2091 461 2130 Sine
472 2089 621 2144 flamm,
655 2093 863 2143 ingenuam,
895 2088 1023 2127 libcra-

370 2149 437 2187 Iem
456 2149 582 2187 nac‘tus
608 2152 659 2191 es]
690 2149 836 2186 Contra
860 2158 904 2184 ea
923 2156 1022 2195 quae

370 2205 522 2255 patitur,
551 2201 615 2242 ista
634 2199 753 2251 posuit
775 2201 916 2240 omnia.
952 2199 1021 2238 hu-

369 2260 486 2298 insin
513 2258 822 2308 amoreeopiam:
853 2255 1021 2295 suamin-

371 2317 511 2367 opiam.
542 2314 650 2352 huius
670 2313 897 2352 defiderium
913 2312 1018 2350 nullo

369 2369 575 2410 cunstitiss'e
606 2368 746 2408 sumtu:
776 2369 840 2408 {ibi
868 2383 890 2406 a
912 2369 1016 2406 leno-

370 2440 422 2465 ne
459 2424 569 2466 suiss'e
604 2424 806 2464 emendam
839 2425 1017 2475 puellam.

368 2481 481 2519 huius
524 2483 759 2534 ingenuam:
812 2477 913 2519 suam
952 2477 1018 2518 ser-

367 2551 468 2575 uam.
505 2537 616 2575 huius
654 2536 871 2577 liberalem:
918 2533 1017 2574 suam

368 2593 642 2632 &thanim-iam.
673 2593 776 2631 hunc
797 2593 948 2631 nattum
967 2590 1018 2630 es-

367 2647 428 2688 se:
474 2646 510 2686 sc
548 2647 674 2687 sectari
709 2659 865 2687 tantum.
904 2647 1016 2687 huius

368 2716 548 2744 Uxorema
577 2705 740 2744 amicam
763 2701 876 2743 suam.
905 2702 1016 2743 huius

1074 1584 1156 1627 Erit
1188 1588 1294 1626 enim
1325 1586 1602 1634 ἐμφκτικῶτερον.
1671 1588 1723 1628 W

1075 1642 1231 1689 voluisti,
1251 1643 1418 1696 exorem]
1437 1647 1546 1683 Bona
1565 1656 1723 1696 praepa-

1075 1698 1170 1736 ratio
1191 1698 1313 1735 vxozis
1333 1697 1497 1737 suturae.
1555 1699 1603 1740 D.

1134 1759 1178 1800 18
1212 1753 1267 1791 Ni
1293 1766 1399 1791 vnum
1419 1753 1485 1791 hoc
1512 1753 1610 1805 defit,
1637 1757 1722 1794 ani·

1071 1822 1148 1848 mus
1185 1811 1247 1861 qui
1277 1807 1426 1859 modeste
1462 1808 1564 1860 tstaec
1593 1809 1720 1866 ferat]

1071 1863 1247 1915 Rlodeste,
1261 1864 1466 1904 moderate.
1525 1866 1720 1906 Sallustius

1072 1919 1171 1958 libro
1192 1919 1376 1967 secundo,
1401 1921 1588 1974 Modestus
1615 1923 1664 1961 ad
1682 1937 1722 1962 ο·

1071 1981 1169 2015 mma
1183 1978 1266 2023 alia,
1286 1977 1358 2026 tufi
1368 1978 1415 2015 ad
1426 1977 1718 2021 dominationem.

1071 2032 1250 2085 Modesto]
1279 2035 1379 2075 Cum
1397 2034 1527 2072 modo.
1583 2036 1630 2075 D.

1123 2090 1258 2129 Beatus
1277 2092 1316 2128 ni
1332 2090 1461 2144 vnum]
1493 2091 1612 2129 Omni
1633 2104 1719 2142 pat·-

1069 2154 1108 2184 te
1125 2144 1217 2186 felix
1235 2158 1276 2184 ac
1298 2145 1450 2196 beatus,
1476 2147 1515 2184 ni
1543 2147 1610 2185 tibi
1640 2157 1720 2186 tan·

1069 2201 1268 2240 tummodo
1289 2214 1421 2250 vnum,
1447 2203 1594 2241 animus
1617 2202 1718 2242 vide-

1070 2257 1168 2306 licet,
1189 2257 1300 2306 defit,
1333 2258 1396 2308 qui
1419 2257 1514 2296 haec
1541 2258 1718 2298 tolerabi-

1066 2310 1355 2352 litet-sustineat.
1408 2316 1449 2353 E.

1127 2381 1173 2422 ¹9
1205 2373 1253 2407 ιιι
1275 2371 1309 2423 st
1330 2366 1398 2407 tibi
1419 2382 1476 2409 res
1491 2368 1545 2421 fit
1570 2382 1649 2409 cum
1674 2382 1716 2409 eo

1067 2425 1206 2478 lenone]
1238 2424 1287 2464 Ec
1309 2423 1426 2463 modo
1455 2439 1538 2463 nun
1567 2439 1717 2466 conue-

1068 2483 1166 2530 xiua,
1192 2478 1254 2520 sed
1279 2481 1474 2532 inceptiua
1495 2482 1716 2521 coniunfflo

1068 2536 1130 2576 est.
1185 2537 1375 2577 Sallustius
1401 2537 1498 2575 libro
1530 2533 1710 2585 secundm

1066 2592 1118 2632 Et
1137 2593 1251 2632 Poeni
1263 2594 1396 2645 firmat
1415 2592 1585 2641 aduerfits
1619 2606 1640 2630 a
1686 2604 1713 2630 n

1066 2663 1085 2688 c
1140 2663 1175 2688 m
1232 2658 1248 2676 ⁴¹
1315 2647 1474 2697 Sentias]
1513 2649 1574 2690 Sic
1607 2646 1711 2696 alibi,

1065 2707 1122 2746 Sit
1145 2707 1282 2762 rogas?
1298 2703 1409 2757 ssnss.
1467 2705 1517 2748 D.

1643 2761 1716 2803 Pro
