1875 3292
411 216 478 269 80

803 212 962 259 ACT.
996 212 1069 257 111.
1109 209 1301 259 SCEN.
1334 215 1392 260 Il.

546 335 641 388 So.
680 340 797 388 Sa'tin
824 341 910 388 hoc
932 335 1180 389 certum'st?
1214 336 1319 388 GE·
1357 350 1487 396 certe,
1507 340 1621 389 hisce
1643 340 1781 390 oculis

644 430 821 478 egomet
843 416 944 470 vidi,
969 415 1166 464 Sostrata.
1209 414 1300 464 So,
1336 417 1407 470 ah,

545 495 626 542 Me
660 493 883 542 miseram!
925 492 1031 556 quid
1062 491 1210 538 credas
1242 492 1361 539 iam?
1396 504 1470 541 aut
1500 495 1571 541 cui
1601 493 1779 544 credasz·

645 566 903 616 nostrumne
931 565 1232 617 Aeschinum?

410 788 505 844 Iam]
538 787 600 828 Sic
618 788 788 837 nunciat,
807 797 845 828 vt
863 788 993 828 vltima
1005 799 1074 841 pe·¹

410 847 494 887 iora
522 844 606 884 lint.
666 849 717 887 Et
741 844 799 885 his
829 846 1070 900 argumentis

411 903 495 942 vult
521 901 704 954 probare,
734 901 839 953 quod
858 903 1070 941 immodice

410 969 516 998 amet
532 956 760 998 Aeschinus,
805 960 856 998 Et
865 971 971 1010 pene
984 958 1068 1011 plus

358 1059 362 1062 ,
410 1023 527 1067 quam
547 1016 692 1054 amauit
707 1015 910 1068 virginem,
931 1014 1070 1065 pudori

408 1073 478 1122 qui
517 1084 598 1109 non
635 1068 828 1110 consuluit
857 1070 1068 1124 (Westerh‘.

402 1126 545 1178 edidit,
561 1126 772 1179 Atfchinus,
786 1129 851 1181 qui
866 1128 949 1180 plus
958 1141 1069 1181 quam

399 1185 604 1243 virginem,
635 1184 677 1223 id
694 1183 810 1238 ipfiaem
827 1184 927 1237 quod
945 1180 1070 1237 pudor⁴

410 1239 672 1288 nec-hortatur,
692 1254 755 1280 nec
775 1240 941 1292 conlidit,
955 1255 1068 1280 amat.

409 1298 487 1348 Z).
542 1297 643 1348 Quis
662 1307 792 1337 autem
803 1297 925 1351 magis
938 1297 1070 1350 potuit

410 1352 618 1405 impudens
636 1350 733 1402 effe,
764 1367 879 1406 quam
898 1354 966 1405 qui
985 1351 1069 1405 post

409 1409 618 1449 honestum
647 1423 838 1458 amorem,
876 1408 922 1448 ab
941 1408 1069 1449 lenone

409 1462 554 1509 amet?
590 1467 675 1505 Hoc
702 1467 850 1506 etenim
885 1463 1069 1519 fignificat

407 1523 664 1562 meretricem.
720 1525 825 1576 Ergo
845 1536 925 1562 non
948 1522 1070 1562 hone-

407 1578 527 1627 stum,
558 1576 622 1618 sed
648 1577 694 1617 ab
721 1579 868 1618 lenone:
897 1593 978 1618 non
999 1592 1070 1631 per

409 1636 550 1681 aliurn,
590 1633 654 1673 sed
683 1635 820 1688 ipsius:
858 1648 932 1674 nec
960 1636 1066 1681 emit,

407 1701 475 1730 aut
494 1690 675 1739 abduxit,
708 1688 771 1731 sed
789 1691 838 1730 ob
857 1692 1067 1742 impatien-

409 1748 502 1786 tiam
521 1746 633 1786 valde
651 1748 814 1786 amantis
831 1749 976 1799 eripuit.
1001 1758 1066 1785 ne-

359 1826 362 1828 -
406 1815 487 1855 que
518 1803 558 1842 id
579 1803 732 1851 occulte,
763 1814 802 1842 vt
829 1805 894 1854 qni
923 1804 1066 1842 celaret

407 1860 571 1908 fastum,
606 1871 787 1910 tanquam
813 1857 1065 1899 satissatlnrus

406 1916 516 1955 vxori
538 1915 752 1955 videretur:
774 1913 837 1955 sed
852 1915 985 1970 palam.
1014 1918 1064 1957 D.

1570 642 1782 714 Nostram

1175 791 1247 829 Pro
1275 802 1371 828 certe
1392 800 1546 841 repone
1563 801 1651 829 cum
1669 793 1783 831 Faer-

1120 858 1173 884 no
1196 847 1364 892 Certum,
1395 857 1433 884 vt
1457 843 1653 898 responlio
1682 844 1780 885 haec

1119 903 1331 941 conueniat
1353 901 1663 954 interrogationi.
1693 904 1734 941 Β.

1176 970 1229 1010 32
1259 960 1328 999 Me
1359 957 1576 1011 mifiraml]
1607 958 1707 998 Mira
1725 955 1779 996 af.-

1118 1012 1249 1054 fefflo.
1308 1017 1405 1054 Nam
1423 1013 1615 1066 lacrymae
1634 1027 1715 1052 non
1734 1012 1779 1052 fi·

1118 1082 1219 1110 nunt
1239 1068 1352 1110 finire
1369 1067 1531 1111 sensum.
1588 1069 1697 1122 Quid
1706 1083 1781 1108 cre-

1119 1128 1185 1167 das
1213 1129 1312 1168 iam?
1340 1140 1409 1166 aut
1431 1130 1490 1166 cui
1506 1127 1686 1181 credas?]
1716 1126 1780 1168 Fi·

1118 1183 1185 1224 des
1209 1193 1276 1222 aut
1295 1181 1482 1236 personae
1502 1183 1687 1234 qualitate
1706 1179 1778 1222 ser-

1116 1249 1238 1288 uatur,
1257 1238 1282 1279 fi
1299 1240 1426 1293 grauis
1447 1237 1609 1291 persona
1636 1238 1692 1278 est
1715 1240 1778 1280 eui

1119 1296 1310 1340 creditur:
1340 1307 1405 1335 aut
1433 1294 1549 1348 iplius
1578 1297 1634 1335 rei
1656 1296 1775 1347 quali·

1120 1363 1210 1400 tate,
1229 1351 1256 1391 fi
1275 1365 1320 1392 ea
1339 1365 1398 1391 res
1419 1351 1608 1397 creditur,
1637 1352 1679 1391 in
1699 1365 1777 1403 qua

1118 1407 1255 1449 fallere
1280 1409 1343 1448 cui
1372 1408 1562 1456 creditur,
1592 1419 1659 1448 aut
1690 1421 1776 1449 non

1119 1464 1255 1518 potest,
1279 1475 1436 1504 autnon
1447 1463 1578 1505 debet.
1632 1464 1708 1505 Hic
1718 1477 1775 1504 er-

1119 1535 1171 1576 go
1194 1522 1291 1561 mire
1313 1522 1355 1561 in
1376 1532 1538 1574 vtroque
1558 1521 1634 1561 iam
1655 1519 1776 1562 fidem

1119 1578 1217 1617 dixit
1235 1578 1378 1617 nullam
1395 1576 1492 1626 effe,
1519 1588 1559 1617 et
1585 1579 1625 1616 in
1649 1575 1775 1628 perso-

1117 1648 1188 1683 na,
1225 1645 1266 1672 et
1293 1635 1333 1672 in
1356 1646 1417 1682 re,
1461 1633 1565 1686 quod
1586 1634 1774 1687 Virgilius

1116 1688 1304 1730 transtulit
1320 1720 1332 1738 ,
1387 1688 1625 1741 breuiusque
1673 1689 1774 1729 dixit

1116 1748 1240 1799 (Aen.
1260 1759 1320 1792 lv,
1343 1748 1473 1798 373.),
1508 1744 1775 1799 Nufisuamtu·

1114 1816 1154 1843 ta
1173 1800 1279 1853 fides.
1336 1804 1423 1841 Hoc
1450 1801 1524 1850 est,
1554 1816 1629 1842 nec
1657 1803 1696 1841 in
1719 1815 1774 1850 re,

1115 1871 1187 1898 nec
1215 1859 1254 1897 in
1281 1855 1456 1910 persona.
1512 1861 1561 1899 Et
1595 1857 1657 1897 hic
1690 1856 1774 1910 ipse

1114 1916 1156 1954 in
1187 1916 1329 1955 Heaut.
1368 1914 1445 1954 Pro
1474 1914 1656 1966 Iuppiter!
1691 1913 1773 1953 vbi-

1113 1985 1198 2010 nam
1230 1971 1276 2022 eft
1296 1968 1420 2022 fides?
1455 1969 1672 2022 Nostrumne
1703 1973 1773 2010 Ae·
1840 1968 1843 1974 '

458 2027 882 2082 Palmeriusdistinguit
900 2028 984 2081 post
999 2029 1065 2067 Le·
1099 2027 1288 2080 schinum,
1309 2027 1510 2079 nostrarum
1522 2030 1640 2067 vitam
1657 2030 1775 2066 omni·

404 2099 516 2133 none,
546 2096 584 2123 vt
612 2086 849 2137 intelligatur
877 2100 898 2123 a
917 2085 1064 2124 Lenone

404 2156 527 2181 amm-e
556 2145 695 2194 coepit,-
722 2153 759 2179 vt
779 2144 874 2180 Eun.
897 2155 936 2189 v,
970 2154 1006 2192 4,
1024 2154 1062 2193 4.

405 2198 485 2238 Sed
519 2208 675 2250 recepta
704 2197 894 2237 distinch'o
931 2197 983 2237 est
1011 2196 1062 2236 sa-

405 2268 469 2295 na.
525 2258 567 2296 B.

458 2379 508 2419 31
545 2365 662 2405 Satin·
696 2365 765 2404 hoc
791 2366 945 2419 certo?]
979 2367 1061 2405 Ma-

404 2425 493 2474 gnis
519 2424 628 2461 malis
647 2436 728 2460 non
751 2422 1059 2462 statimcreditnr.

404 2479 492 2517 lloc
519 2492 614 2532 ergo
627 2493 674 2517 ex
690 2479 826 2517 dolore
838 2481 942 2525 (lixity
959 2479 1061 2530 quod

401 2531 527 2585 stupet
544 2535 726 2573 audiens:
758 2549 851 2576 non.
871 2537 958 2585 qnia
981 2550 1060 2573 non

404 2587 524 2630 lubet
571 2590 696 2629 iidem.

402 2647 598 2691 ι’ὶιυτισμός
628 2644 890 2687 dikum-antis.
945 2649 1059 2702 Am]

407 2703 627 2743 lutetia-clio
645 2702 698 2741 est
722 2702 860 2743 flenti&
916 2708 968 2746 D.

773 2591 884 2641 lissi-e
930 2591 1060 2644 oculis]
1098 2589 1310 2641 fihinum?

1111 2085 1191 2138 um]
1236 2086 1456 2127 Ε’Λὰιιπτικῶς
1485 2086 1634 2123 omnia:
1680 2084 1772 2135 quia

1110 2141 1221 2180 flexus
1242 2140 1406 2192 impedit
1427 2139 1552 2179 verba.
1580 2139 1684 2179 deest
1704 2153 1770 2178 au·

1113 2209 1212 2246 tem,
1247 2196 1487 2249 Hocfecg‘ffi’,
1519 2197 1579 2235 vel
1607 2196 1698 2248 quid
1719 2206 1770 2236 ta·

1112 2254 1162 2293 le.
1220 2255 1267 2291 D.

1167 2309 1388 2350 [xenonem
1402 2306 1526 2348 Codd.
1540 2307 1767 2357 nostrorum,

1110 2366 1217 2422 Qid
1239 2367 1311 2403 iam
1332 2365 1476 2410 σέλα,
1505 2376 1543 2403 et
1573 2363 1698 2403 versus
1728 2373 1769 2405 et

1111 2432 1290 2460 accentus
1312 2419 1488 2471 postulat.
1545 2421 1703 2460 Deinde
1724 2421 1766 2460 in

1111 2477 1300 2528 aliquibus
1345 2475 1438 2514 libb.
1487 2488 1573 2516 vett.
1610 2479 1768 2516 antelmo

1112 2537 1271 2579 Fam-no,
1301 2533 1488 2583 reperitur
1503 2531 1678 2584 Noflnum
1696 2536 1768 2572 Ae-

1355 2589 1580 2638 Nostrumne
1616 2588 1767 2639 Aefiln'-

1111 2648 1225 2688 num?
1257 2648 1343 2695 Qua
1357 2646 1525 2684 let-‘lione
1538 2644 1684 2698 optime
1696 2645 1766 2685 stet

1109 2701 1356 2743 'trochaicum
1413 2702 1457 2742 Β.
