1875 3244
690 213 994 263 HECYRA.

1412 227 1507 274 249

273 344 519 413 Despondit
539 345 580 392 ei
603 355 777 406 gnatam
798 344 932 392 huius
955 341 1086 390 vicini
1109 341 1331 405 proxumi.

177 440 240 490 ςο
277 424 420 488 Vsque
444 419 549 469 illud
579 420 714 468 visum
747 418 807 467 est
824 417 1054 484 Pamphilo
1074 419 1330 480 neutiquam
1359 432 1509 478 graue,

275 504 432 548 Donec
452 498 540 545 iam
563 500 609 544 in
634 495 734 561 ipsis
756 497 939 560 nuptiis,
961 490 1191 558 postquam
1211 492 1330 540 videt

270 579 464 622 Paratas:
495 589 575 620 nec
601 588 770 620 moram
791 572 936 623 vllam,
963 571 1069 633 quin
1096 567 1236 621 ducat,
1261 567 1375 615 dari:

271 650 341 698 lbi
364 650 543 697 demum
563 650 620 695 ita
643 664 771 709 aegre
791 647 904 700 tulit,
926 656 973 693 vt
992 644 1127 710 ipsam
1148 644 1423 699 Bacchidem,

274 729 319 774 Si
343 723 512 777 adesset,
537 723 668 773 credo
686 724 746 771 ibi
777 725 870 770 eius
900 720 1299 769 commiseresceret.

170 798 243 866 ‘55
280 801 545 865 Vbicunque
567 800 717 847 datum
736 810 826 846 erat
847 797 1030 863 spatium
1052 795 1310 850 solitudinis,

275 883 336 925 Vt
362 877 554 942 colloqui
575 892 751 923 mecum
773 891 858 924 vna
879 869 1042 941 posset:
1072 876 1303 927 Parmeno,

139 1040 376 1081 voluntatem
403 1035 656 1079 adolescentis
686 1033 805 1077 absol-

142 1099 212 1137 uit.
268 1097 438 1149 Denique
459 1094 598 1149 effecit]
625 1095 805 1134 Oratorie

146 1165 298 1205 tempus
329 1149 525 1205 apposuit:
555 1165 645 1192 nam
669 1150 744 1190 hoc
764 1149 805 1188 fi-

144 1209 304 1263 gnificat
332 1210 515 1262 Denique.
577 1208 692 1258 Οἲίἱο]
720 1208 806 1247 Hoc

144 1266 209 1317 est,
232 1264 422 1305 instantia.
477 1266 528 1305 D.

199 1335 252 1375 49
282 1319 492 1375 Despondit
512 1323 546 1359 ei
552 1319 723 1376 gnatam]
741 1319 807 1361 Vi-

144 1378 207 1427 de,
235 1392 316 1417 non
337 1381 399 1417 hic
413 1378 500 1423 dici,
519 1379 808 1418 Duxitvxorem

145 1435 395 1486 Pamphilus:
425 1433 490 1474 sed
522 1443 647 1473 totum
675 1432 721 1472 ad
740 1446 811 1485 pa-

147 1502 248 1532 trem
267 1490 415 1531 referri.
469 1492 522 1530 D.

204 1561 258 1600 50
298 1545 558 1601 Neutiquam]
609 1548 703 1587 Non
749 1543 809 1591 nj-

146 1605 233 1645 mis.
291 1607 339 1644 D.

202 1663 273 1700 Pro
303 1660 536 1713 Neutiquam
568 1657 648 1697 duo
681 1655 810 1699 codd.

146 1715 209 1756 Ne
229 1719 419 1769 vtiquam:
448 1726 489 1754 et
505 1715 556 1753 ita
566 1711 812 1763 semperscri-

147 1772 339 1812 bendum.
393 1773 560 1823 Semper
595 1770 705 1810 enim
735 1770 811 1822 pri-

150 1843 254 1870 mam
277 1829 445 1881 corripit.
501 1830 543 1867 B.

206 1898 256 1940 51
297 1886 427 1926 Donec
455 1885 530 1923 iam
559 1883 599 1922 in
637 1878 726 1935 ipfi'sv
748 1893 812 1920 nu-

147 1942 257 1995 ptiis]
295 1945 398 1982 Nota
430 1940 674 1979 locutionem
701 1934 812 1977 sensu

153 1995 299 2051 magis,
339 2010 453 2049 quam
484 1994 612 2036 verbis
651 1992 814 2033 manife-

1382 953 1512 1003 Perii,

853 1036 1068 1090 postremo.'
1122 1037 1171 1076 Et
1205 1035 1306 1077 mire
1341 1035 1516 1077 additum

855 1093 909 1133 est
933 1093 1014 1133 Ibi:
1055 1092 1148 1143 quia
1171 1093 1278 1132 male
1303 1093 1514 1145 pendebat,

855 1151 903 1191 In
920 1149 1004 1204 ipfis
1022 1150 1175 1201 nuptiis.
1205 1159 1246 1188 et
1263 1147 1311 1188 fic
1325 1149 1388 1194 est,
1412 1149 1516 1201 quali

856 1204 1027 1255 dixifl‘et,
1065 1208 1110 1246 In
1139 1204 1227 1258 ipsis
1254 1205 1414 1257 inquam
1443 1220 1516 1246 nu·

856 1265 958 1315 ptiis.
1016 1261 1175 1302 Demum
1203 1265 1259 1303 ita
1279 1276 1392 1317 aegre
1410 1263 1512 1311 tulit,

856 1333 901 1360 vt
918 1319 1033 1373 ipsimi
1051 1317 1285 1368 Bacchidem,
1311 1319 1356 1369 [ι’
1372 1319 1517 1371 muffet,

858 1379 965 1416 credo
995 1374 1048 1416 ibi
1077 1378 1150 1415 eius
1176 1373 1517 1429 commifi’refieret]

858 1435 947 1472 Hoc
966 1431 1201 1479 ὖπεςβολικῶς.
1224 1442 1261 1471 vt
1271 1433 1380 1484 Virg.
1393 1433 1515 1484 (Aen.

859 1503 919 1539 xi,
938 1490 1055 1542 259.)
1090 1487 1158 1527 Vel
1174 1488 1329 1528 Priamo
1347 1487 1519 1538 miseran-

861 1545 907 1585 da
924 1550 1081 1584 Imauus.
1145 1544 1196 1584 Vt
1223 1544 1337 1596 ipsam
1362 1543 1520 1583 Bacchi-

861 1601 960 1655 dem]
1008 1602 1124 1651 Quae
1168 1613 1274 1639 nunc
1310 1597 1522 1639 accusatrix

860 1656 928 1696 est.
962 1659 1010 1697 Et
1031 1656 1086 1695 est
1097 1666 1368 1709 argumentum
1380 1656 1427 1695 ab
1440 1658 1522 1695 ani—

861 1727 939 1753 m0.
996 1713 1114 1766 Aegre
1137 1712 1246 1767 tulit]
1278 1713 1387 1752 idern
1409 1713 1521 1766 Virg.

861 1772 986 1821 (Aen.
1005 1782 1065 1818 11,
1093 1770 1152 1820 6.)
1177 1770 1261 1822 quis
1280 1768 1519 1820 taliafimdo,

860 1826 1154 1878 Myrmidonum,
1174 1824 1417 1878 Dolopumue,
1454 1839 1522 1865 ant

861 1882 949 1923 duri
965 1881 1064 1922 miles
1092 1881 1242 1934 Vlyffii,
1284 1883 1469 1935 Temperet
1499 1894 1523 1922 a

857 1938 1066 1988 lacrymis?
1122 1942 1170 1980 D.

922 1995 974 2034 Vt
991 1992 1104 2048 ipsam
1122 1994 1356 2042 Bacchidem,
1372 1992 1416 2048 st
1425 1993 1524 2044 ades-

154 2054 260 2093 stam.
316 2053 448 2093 Donec
473 2056 546 2092 iam
571 2048 719 2104 inssipfi's
745 2063 814 2089 nu·
852 2050 926 2104 fit,
948 2053 1076 2099 credo,
1110 2050 1164 2091 ibi
1191 2055 1268 2090 eius
1286 2049 1526 2102 commiseras:

152 2112 264 2164 ptiis]
306 2110 439 2158 Deest,
470 2108 616 2162 Postzus
645 2106 814 2156 constitu-

157 2164 263 2220 tusue
283 2167 336 2205 ita
358 2166 480 2206 doluit
493 2195 502 2213 ,
537 2178 571 2204 et
589 2178 694 2219 aegre
714 2163 812 2203 tulit.

156 2227 237 2263 Aut
254 2233 430 2274 repetere
449 2221 637 2262 debemus
666 2221 737 2267 fic,
767 2223 814 2259 In

157 2277 246 2329 ipfis
282 2279 440 2329 inquam
467 2278 626 2329 nuptiis.
683 2276 816 2315 Donec

158 2337 235 2374 iam
261 2337 301 2374 in
329 2334 410 2387 ipsts
437 2331 597 2386 nuptiis]
633 2335 677 2372 ln
707 2344 816 2370 men·

161 2391 269 2429 tione
294 2391 516 2442 nuptiarum
541 2385 761 2429 efferuescit
780 2401 817 2426 a·

160 2447 289 2487 nimus
309 2447 499 2486 amatoris.
561 2446 612 2485 D.

219 2516 271 2557 52
305 2502 385 2541 Nec
405 2516 546 2541 moram
570 2499 699 2545 vllam,
724 2502 818 2554 quin

161 2559 292 2605 ducat,
323 2559 422 2606 dari]
450 2557 525 2597 Vbi
551 2571 625 2597 nec
650 2558 818 2609 aliquam

161 2615 356 2655 dieculam
373 2644 383 2662 ,
417 2614 480 2653 vel
505 2613 736 2655 dilationem
764 2613 815 2652 vi-

163 2671 232 2711 det
261 2671 309 2711 ad
343 2671 507 2724 nuptias.
563 2669 682 2726 Qin]
727 2671 819 2721 Quo

163 2729 304 2767 minus.
361 2730 408 2769 D.
536 2726 541 2730 ’

219 2795 273 2838 53
318 2783 378 2823 Ibi
428 2782 586 2837 demum]
625 2783 820 2836 Denique,

864 2108 979 2162 σενα]
1020 2111 1070 2148 Vt
1097 2106 1123 2146 fi
1153 2106 1332 2160 praesens
1362 2106 1523 2148 Bacchis

866 2177 916 2204 eo
945 2175 1124 2216 ternpore
1149 2163 1295 2213 suisset,
1331 2177 1430 2215 quae
1456 2164 1524 2202 vti⁶

866 2233 944 2272 que
961 2219 1061 2260 laesa
1084 2220 1221 2266 fuerat,
1240 2234 1341 2271 quae
1353 2220 1524 2269 dolebat,

866 2278 918 2315 ita
945 2290 1062 2330 aegre
1082 2276 1281 2328 Pamphilo
1306 2274 1379 2315 fuit
1399 2278 1439 2314 in
1465 2276 1525 2314 his

865 2332 1223 2384 nuptiis,vtl3acchis
1235 2334 1317 2371 eius
1329 2329 1527 2372 commis&

865 2400 1026 2428 teretur.
1041 2388 1384 2439 Quemadmodum
1399 2389 1528 2441 virgi-

866 2445 908 2483 lii
947 2444 1043 2483 illud
1071 2444 1124 2482 est
1151 2448 1269 2497 (Aen.
1300 2457 1360 2492 xi,
1399 2448 1524 2499 2593,

871 2499 938 2540 Vel
984 2502 1135 2542 Priamo
1189 2500 1398 2551 miseranda
1450 2494 1526 2540 miz-

866 2569 948 2600 ητις,
1005 2557 1047 2596 Ε.

924 2623 978 2664 54
1026 2613 1148 2653 Credo
1194 2612 1274 2669 ibi]
1325 2612 1402 2662 lbi,
1454 2626 1527 2666 pro

876 2669 985 2710 Tum.
1041 2671 1091 2709 D.

928 2728 987 2778 56*
1020 2725 1065 2766 Vt
1101 2725 1258 2781 colloqui
1293 2738 1426 2767 mecum
1455 2736 1529 2766 rna

985 2783 1026 2833 Q
1056 2794 1080 2836 5
1449 2783 1530 2836 P0s·
