1875 3308
14 2782 19 2946 l

0 3114 23 3308 ,Ι

611 213 909 262 ADELPH.

1328 232 1420 280 1¹5

196 336 397 388 Profesto
417 339 571 387 euadct
594 343 638 387 in
661 341 836 405 aliquod
854 356 1062 403 magnum
1084 342 1264 390 malum.

102 416 134 464 6
142 433 166 479 5
200 411 295 468 Ibo,
316 432 363 489 ae
384 419 602 480 requiram
625 417 815 470 fratrem,
838 426 884 466 vt
902 418 949 464 in
968 433 1070 463 eum
1081 417 1186 465 haec
1198 420 1419 475 euomamj

166 559 473 615 ACTVS
524 560 838 614 TERTII
895 560 1201 618 SCENA
1245 567 1313 621 V.

619 650 864 693 Ηεῦιο.

193 782 272 895 Β
288 806 314 834 o
335 806 366 834 N
387 804 415 834 o
457 790 603 836 animo
625 788 688 835 fac
710 785 785 842 fis,
833 786 1038 847 Sostrata3
1078 799 1122 837 et
1138 788 1273 847 istam,
1295 795 1418 859 quod

502 875 642 928 potes,

194 942 280 986 Fae
300 939 531 988 consoler-e.
565 954 649 1001 ego
669 940 926 994 Micionem,
949 936 979 986 si
999 940 1117 1006 apud
1137 941 1349 1000 forum’st.

118 1140 173 1191 64
204 1136 375 1191 Profe30
396 1137 540 1193 euadet]
569 1140 638 1179 Per
657 1152 714 1178 ar·

62 1192 139 1233 dua
156 1205 195 1233 et
213 1206 413 1247 praerupta
435 1197 579 1236 veniet.
610 1198 658 1235 D.

117 1253 171 1304 65
202 1250 301 1289 Haec
328 1251 505 1304 euomam]
536 1253 623 1291 Non
649 1251 715 1303 Efi

52 1306 239 1358 flandum,
267 1304 331 1346 sed
354 1309 550 1346 Euomam:
582 1317 714 1356 vtpote

61 1375 164 1412 quae
181 1374 243 1400 me
265 1375 423 1414 aegrum
442 1361 604 1409 faciunt,
635 1364 715 1413 qui-

63 1416 135 1455 bus
155 1430 218 1456 me
235 1418 426 1465 teleuabo,
446 1431 533 1457 cum
551 1419 715 1470 languor

62 1473 289 1526 illevegestus
305 1471 359 1512 iit.
416 1476 513 1514 Nam
524 1476 713 1522 cumam,

63 1526 137 1567 hoe
156 1526 612 1581 translationefignificat.
641 1532 689 1571 D.

118 1595 139 1625 1
170 1583 271 1624 Bono
280 1587 401 1622 animo
409 1588 480 1636 sac
488 1585 550 1635 β,
572 1584 712 1634 Sostra·

61 1639 123 1693 ta]
153 1640 205 1678 Hi
225 1637 286 1678 sex
302 1637 476 1678 versusin
488 1638 714 1690 quibusdam

61 1707 145 1734 nen
173 1693 357 1735 seruntur.
414 1697 458 1734 In
493 1694 563 1733 hac
589 1697 715 1735 Scena

61 1750 214 1790 videtur
241 1751 316 1789 iam
347 1750 496 1789 locutae
527 1749 713 1790 Sostratae

61 1806 193 1858 Hegio
220 1804 464 1857 respondere.
517 1805 643 1846 Potest
661 1817 713 1844 ta-

61 1873 154 1901 men
172 1873 212 1901 et
229 1859 308 1913 ipse
324 1862 506 1913 incipere,
531 1874 713 1913 tanquam

63 1917 131 1968 qui
149 1928 187 1956 et
206 1929 288 1956 rem
306 1918 477 1966 nouerit,
509 1928 549 1956 et
566 1930 714 1956 moero-

62 1984 107 2011 re
123 1973 207 2010 eius
230 1983 442 2012 moueatur,
498 1973 604 2012 Bono
630 1976 714 2012 ani-

61 2040 120 2066 no
130 2027 464 2082 facfisssostram]
495 2025 715 2070 Meminisse

63 2081 264 2129 debemus,
284 2083 384 2134 quod
405 2083 520 2133 dixit,
550 2084 634 2124 Duc
659 2098 714 2123 me

65 2141 168 2177 intro
186 2139 235 2177 ad
254 2137 460 2190 Sostratam.
482 2150 523 2179 et
542 2140 713 2192 quiahoc

66 2194 194 2242 Imro,
226 2195 266 2232 in
286 2190 487 2246 'proscenio
507 2196 561 2235 est
588 2208 715 2237 ῐιΑτε-

64 2260 340 2290 ΡΑηΔιτΝΝιΝ
367 2251 385 2270 ·
414 2251 526 2302 (zuei-¹
551 2252 612 2296 τιῐν
641 2269 714 2295 can·

65 2306 121 2347 νὴ
141 2309 197 2352 Z.)
218 2318 296 2344 non
308 2305 388 2358 post
398 2309 573 2348 Scenam.
615 2311 712 2348 Nam

67 2359 169 2398 aliud
198 2359 397 2413 fignificat,
433 2364 565 2402 fiamus
593 2366 708 2411 intro,

67 2415 133 2455 vbi
161 2415 317 2464 dicitur,
353 2418 454 2457 lmus
480 2418 714 2470 despondebi-

64 2484 146 2515 tur,
163 2474 262 2509 imus
282 2470 506 2526 transigetur,
512 2474 652 2528 siquid
668 2475 714 2528 est

62 2526 168 2581 quod
187 2527 302 2577 restet.
358 2529 456 2568 lllud
485 2533 591 2570 enirn
615 2533 712 2571 inte-

65 2583 142 2621 tius
163 2585 285 2634 agitur
304 2594 408 2622 extra
425 2597 544 2628 omne
569 2586 713 2639 prosce-

66 2638 188 2677 nium.
245 2639 319 2678 Fac
343 2638 418 2689 fis,
443 2640 626 2697 Sostrata]
655 2643 714 2684 Sis

66 2690 279 2736 honorifice
304 2694 455 2737 additur
482 2697 621 2755 yesbo,
658 2713 712 2742 ne

1301 1021 1423 1074 Conae'

764 1138 870 1192 quod
880 1140 1105 1193 imperatiuo
1116 1140 1234 1184 modo
1245 1156 1419 1196 pronun-

763 1199 903 1244 ciatur,
936 1195 1145 1247 superbum
1181 1199 1234 1240 lit.
1286 1201 1419 1241 Dedu-

763 1253 864 1291 &um
890 1253 943 1291 est
970 1265 1099 1293 autem
1127 1269 1149 1294 a
1175 1253 1421 1297 senatuscon-

763 1305 849 1346 sulti
887 1306 1075 1349 formula:
1107 1310 1170 1350 vbi
1200 1312 1308 1351 enim
1347 1314 1422 1352 ali-

764 1364 859 1414 quid
884 1362 1033 1403 senatus
1054 1363 1270 1405 consulibus
1289 1369 1422 1408 iniun-

765 1419 832 1469 git,
853 1419 968 1465 addit,
997 1420 1039 1457 δι’
1056 1423 1106 1460 eis
1124 1423 1309 1462 videatur.
1363 1424 1421 1464 Et

763 1473 865 1524 istam
877 1475 971 1528 quod
980 1476 1105 1529 potes]
1136 1478 1241 1527 Quia
1255 1478 1420 1531 voxipsz

763 1529 894 1578 tristis,
928 1542 966 1570 et
992 1532 1087 1570 circa
1114 1532 1257 1573 tristem
1283 1533 1422 1586 filiam,

760 1584 877 1639 Qod
891 1597 998 1637 potes
1016 1586 1122 1626 dixit.
1173 1590 1220 1628 D.

816 1641 920 1679 Bono
945 1643 1154 1694 animosae
1175 1642 1248 1697 st‘s]
1286 1646 1424 1686 Senex

760 1693 946 1749 ingressus
971 1696 1146 1746 domum,
1176 1700 1271 1738 vidit
1288 1712 1421 1752 partu-

761 1754 926 1791 rientem
948 1752 1127 1802 puellam,
1150 1755 1234 1793 eius
1252 1767 1421 1798 matrem

763 1805 986 1856 consolatur,
1009 1810 1238 1859 promittens
1269 1809 1307 1850 se
1325 1825 1425 1851 con-

760 1875 970 1902 uenturum
988 1865 1219 1912 Micionem,
1237 1865 1424 1910 Aeschini

764 1930 911 1972 patrem
924 1949 934 1965 ,
960 1930 1000 1958 et
1018 1921 1237 1960 coac⁶turum
1256 1934 1294 1961 vt
1312 1925 1422 1964 vitIa-

762 1988 838 2015 tani
869 1975 981 2014 ducat
998 1989 1155 2015 vxor-ern
1174 1977 1256 2026 ille,
1279 1981 1346 2029 qui
1366 1981 1423 2019 vi-

763 2032 881 2070 tiauit.
940 2033 984 2072 E.

818 2091 1021 2137 perperam
1031 2087 1207 2140 Guyetus
1221 2087 1320 2130 hanc
1329 2091 1425 2130 See-‚¹

763 2155 852 2182 nam
883 2141 1044 2194 spuriam
1075 2141 1151 2183 ess'e
1182 2148 1422 2196 pronuncia-

764 2201 830 2238 uit.
864 2201 963 2237 Nam
974 2200 1097 2238 Scena
1115 2200 1231 2251 priori
1256 2203 1320 2242 61.
1341 2204 1425 2242 He·
1455 2219 1457 2221 ’

766 2256 832 2306 gio
868 2254 916 2293 ad
945 2253 1147 2293 Sostratam
1185 2255 1317 2295 dussus
1353 2257 1421 2297 est.

762 2313 873 2350 Nunc
894 2308 1003 2356 redit,
1024 2310 1280 2360 etSoslratae,
1315 2325 1420 2364 quae

761 2367 863 2404 intus
877 2366 941 2408 eil,
961 2377 1085 2403 narrat
1105 2365 1154 2403 de
1171 2367 1311 2407 Scene:
1339 2370 1422 2421 pla-

763 2434 815 2460 ne
834 2433 869 2458 vt
892 2418 1033 2466 Lesbia,
1063 2420 1165 2459 And.
1184 2435 1248 2471 m,
1280 2436 1318 2477 3,
1347 2427 1422 2464 Ar-

763 2477 918 2529 chylirn,
942 2488 1041 2526 quae
1059 2475 1272 2527 domierar,
1293 2480 1419 2519 esce·

762 2547 812 2572 na
833 2532 1048 2582 alloquitur,
1070 2543 1109 2570 et
1128 2534 1267 2572 Heaut.
1296 2547 1344 2585 v,
1375 2547 1421 2578 1.·

764 2588 949 2631 Chremes
965 2588 1160 2627 Sollratam
1174 2602 1343 2630 vxor-em.
1373 2595 1419 2631 B.

819 2657 843 2685 2
874 2643 952 2683 Fac
983 2643 1179 2698 consolere]
1218 2648 1323 2686 Duas
1354 2660 1417 2687 rec

763 2699 879 2745 dixit,
919 2711 1009 2749 quas
1035 2711 1073 2740 et
1101 2701 1239 2742 ordine
1264 2702 1421 2741 locutus

872 2757 910 2796 li
939 2766 967 2796 2
1339 2757 1392 2796 est
1405 2771 1420 2805 3
