1875 3292
375 174 472 225 57².

756 151 918 200 ACT.
955 152 1014 199 V.
1053 151 1249 201 SCEN.
1287 153 1365 199 VI.

508 289 703 334 Tantam
722 281 948 329 fortunam
971 279 1024 327 de
1046 279 1291 344 improuiso
1311 276 1395 326 ess‘e
1417 279 1485 326 his
1509 278 1668 327 datam.

392 367 470 430 4'5
509 367 688 411 Summa
714 356 921 405 eludendi
945 353 1161 404 occafio'st
1184 356 1293 403 mihi
1316 374 1435 403 nunc
1459 356 1595 410 senes,

509 443 568 488 Et
586 435 822 486 Phaedriae
845 450 995 480 curam
1021 432 1212 480 adimere
1237 435 1549 494 argentariam3

509 519 587 563 Ne
610 514 813 575 cuiquam
840 510 1019 557 suorum
1042 509 1289 573 aequalium
1309 508 1488 574 supplex
1510 507 1600 555 siet.

509 594 634 639 Nam
652 588 771 634 idem
794 587 881 634 hoc
901 596 1148 647 argentum,
1174 587 1230 632 ita
1252 596 1298 632 vt
1319 582 1531 638 datum'st,
1555 584 1755 644 ingratiis

507 668 596 714 His
621 664 771 711 datum
792 665 898 713 erit:
935 662 1020 709 hoc
1049 663 1125 725 qui
1149 677 1317 723 cogam,
1342 677 1390 707 re
1415 661 1502 725 ipsa
1522 663 1715 724 repperi.

411 762 476 810 50
512 746 649 790 Nunc
678 738 820 801 gestus
845 738 969 792 mihi,
992 737 1221 801 voltusque
1245 735 1304 783 est
1329 736 1572 802 capiundus
1594 751 1756 783 nouOS.

507 817 595 867 Sed
614 818 721 864 hinc
740 814 978 864 concedam
997 817 1045 863 in
1054 806 1343 882 angiportum
1363 814 1449 860 hoc
1459 828 1754 879 proxumum:

373 1040 433 1082 dis
452 1037 732 1087 Grammaticis,
755 1037 854 1078 alter
871 1052 891 1077 a
909 1037 1040 1090 Guye-

375 1111 428 1146 to,
457 1098 536 1149 qui,
569 1097 636 1136 illo
659 1096 806 1136 Gaudeo
826 1105 974 1134 mutato
995 1095 1039 1132 in

372 1155 561 1202 Plaudite,
588 1151 709 1192 finem
731 1153 846 1191 totius
869 1151 1040 1191 Comoe-

373 1212 464 1252 diae
485 1210 550 1249 hic
569 1207 650 1249 effe
667 1208 817 1255 statuit3
845 1220 964 1259 quem
986 1220 1042 1245 er-

375 1282 505 1309 rorem
541 1268 754 1307 Scenarum
793 1263 1042 1315 sequentium

370 1325 557 1380 elegantia
582 1334 621 1361 et
640 1317 823 1374 necefflzas
843 1319 959 1359 facile
983 1332 1039 1358 re-

371 1382 514 1422 sutant.
572 1379 683 1419 Alter
702 1380 897 1424 aFaerno,
921 1388 1040 1427 quem

374 1437 551 1488 sequitur
590 1434 815 1480 Bentleiu33
854 1434 916 1483 qui
956 1431 1040 1484 post

372 1494 523 1536 Gaudeo
545 1490 666 1530 finem
686 1490 799 1529 huius
819 1491 969 1528 Scenae
987 1487 1043 1527 fe·

374 1553 442 1614 ciffi⁵
497 1552 595 1589 Nam
630 1546 656 1585 {i
695 1560 803 1586 noua
827 1548 951 1586 scena
985 1545 1041 1583 in-

373 1605 555 1646 choanda
577 1602 651 1649 est,
689 1616 776 1642 cum
795 1603 891 1652 quis,
920 1613 1042 1640 caete-

373 1665 424 1702 ris
445 1658 749 1704 discedentibus,
774 1655 873 1694 solus
887 1657 1039 1694 relictus

373 1719 452 1765 est,
483 1730 552 1755 cur
579 1713 681 1753 idem
706 1726 787 1751 non
807 1713 891 1749 aliis
922 1713 961 1749 in
989 1712 1040 1748 lo-

375 1777 443 1818 cis,
468 1768 681 1812 vbieadem
695 1769 750 1808 est
769 1769 878 1814 ratio,
899 1766 1040 1806 facium

375 1830 463 1871 est?
495 1825 654 1869 Deinde
683 1825 708 1864 {i
727 1826 938 1864 scenarum
961 1836 1041 1861 mu-

374 1888 470 1928 tatio
492 1882 673 1924 facienda
694 1892 786 1928 erat,
817 1879 937 1919 statim
959 1878 1041 1929 post

373 1941 544 1996 Antipho
558 1938 714 1978 initium
727 1949 854 1976 nouae
869 1934 1040 1975 debebat

376 2000 402 2040 fi
408 2000 477 2039 eri.
535 2000 578 2038 Z·

434 2123 486 2163 45
517 2108 668 2148 Summa
697 2105 862 2144 eludendi
885 2102 1039 2156 occasio]

375 2168 629 2217 Posteaquam
682 2164 839 2215 puellae
891 2161 1040 2213 cogniti

376 2223 464 2264 sunt
485 2232 677 2275 parenteS,
707 2218 892 2259 Phormio
924 2215 1042 2255 conii·

379 2283 478 2320 lium
512 2278 677 2330 reperit,
711 2272 1043 2327 quemadmodum

377 2349 538 2390 propter
555 2343 772 2386 argentum,
804 2329 909 2383 quod
928 2329 1044 2369 Phae-

379 2394 488 2432 driae
518 2391 648 2430 datum
672 2389 744 2435 est,
777 2385 889 2427 senes
919 2385 1038 2432 ludat,

380 2451 431 2487 wi
453 2463 530 2486 non
555 2445 748 2485 reddatur.
796 2443 1040 2496 Fingitquip·

381 2520 433 2556 pe
474 2503 508 2542 se
543 2502 724 2543 Phormio
764 2513 923 2539 vxorcm
956 2512 1042 2537 enm

383 2561 484 2598 velle
503 2560 658 2605 doecre,
679 2571 779 2608 quae
799 2559 874 2596 iam
898 2554 1042 2605 scptu-a-

384 2620 412 2656 ri
437 2630 515 2654 non
539 2615 673 2667 potest,
707 2618 864 2666 vr‚{cum
888 2613 938 2649 illi
963 2624 1044 2648 non

384 2674 569 2713 dederint
608 2684 787 2719 morem,
835 2664 1044 2709 ncecss'ario

1644 887 1758 935 Inde

1088 1038 1226 1076 dotem
1259 1033 1465 1087 perdant.'
1520 1035 1612 1074 Hoc
1647 1033 1756 1073 enim
1818 1052 1830 1060 ·

1091 1094 1230 1133 dicitur
1258 1102 1472 1145 argentum,
1501 1091 1603 1143 quod
1630 1091 1756 1129 datum

1091 1150 1137 1201 est
1164 1150 1361 1204 ingratiis,
1399 1148 1518 1186 inuits
1549 1148 1757 1199 arripietur

1092 1208 1160 1260 (Id
1171 1219 1265 1246 nunc
1277 1206 1410 1244 inuitis
1422 1205 1680 1256 eripieturZ.).
1709 1206 1756 1244 Ε.
1819 1213 1835 1225 ‘

1145 1267 1200 1317 46
1231 1264 1372 1302 Curam
1392 1260 1555 1299 adimere
1575 1273 1756 1314 argenta·

1090 1320 1206 1374 riam]
1240 1319 1368 1365 Varie,
1389 1330 1457 1368 pro
1477 1317 1755 1357 adimendioc-

1092 1377 1188 1417 casio
1210 1375 1265 1415 est
1284 1375 1492 1426 (maetas,
1516 1385 1584 1427 pro
1599 1375 1756 1413 muden-

1091 1435 1132 1474 di
1159 1447 1193 1473 et
1212 1431 1397 1472 adimendi
1417 1443 1450 1469 o.
1472 1433 1536 1482 e.)‚
1591 1434 1642 1472 D.

1148 1501 1201 1543 49
1235 1491 1317 1528 Hoc
1337 1489 1400 1540 qui
1424 1486 1566 1541 cogam]
1588 1488 1673 1525 Hoc
1687 1498 1754 1523 vn·

1092 1546 1143 1587 de
1162 1559 1272 1599 agam
1293 1556 1332 1583 et
1352 1543 1569 1594 perficiam,
1598 1539 1677 1593 ipsa
1697 1554 1753 1579 ra·

1092 1605 1203 1642 tione
1225 1601 1408 1651 Cognoui.
1465 1601 1507 1638 Ε.

1145 1661 1215 1696 Pro
1236 1657 1308 1694 His
1337 1668 1421 1693 cum
1442 1652 1637 1694 Bembino
1661 1652 1754 1691 haut

1089 1713 1212 1752 dubie
1232 1713 1309 1764 legi
1330 1710 1447 1749 debet
1469 1712 1526 1755 Ei,
1542 1709 1565 1746 h
1591 1709 1754 1749 aphae-

1092 1770 1221 1814 driae,
1254 1768 1314 1806 cui
1344 1781 1472 1805 curam
1494 1767 1754 1819 argentariam

1090 1825 1266 1864 adimere
1317 1823 1557 1862 decreuerat.
1615 1822 1756 1861 Caete-

1091 1895 1176 1920 rum
1203 1876 1327 1919 sensns
1347 1881 1419 1918 loci
1434 1907 1443 1923 ,
1477 1890 1595 1930 quem
1616 1891 1696 1916 non
1716 1890 1755 1917 o-

1092 1951 1202 1977 mnes
1221 1933 1484 1987 affequuntur,
1518 1933 1579 1972 hic
1601 1931 1678 1974 esse
1703 1934 1755 1972 vi-

1093 1993 1226 2033 detur:
1258 1996 1367 2038 Nam,
1398 1989 1539 2030 scilicet
1558 1991 1624 2029 illa
1648 2003 1754 2029 occa-

1091 2050 1199 2089 fione
1217 2048 1311 2088 mihi
1333 2048 1471 2095 oblata,
1502 2046 1681 2093 efficiam,
1717 2057 1753 2085 vt

1092 2109 1216 2147 Senes
1256 2119 1381 2155 aeque
1412 2105 1528 2143 inuiti
1566 2115 1604 2142 et
1637 2104 1753 2142 coaffl

1095 2176 1199 2202 nunc
1218 2160 1433 2203 Phaedriae
1446 2171 1650 2213 argentum
1664 2173 1754 2198 con-

1095 2219 1260 2263 cedant,
1301 2230 1345 2256 ae
1372 2218 1490 2255 coac-ii
1519 2215 1603 2255 sunt
1639 2227 1754 2254 antea

1094 2275 1190 2314 mihi
1234 2275 1338 2314 idem
1392 2272 1488 2311 illud
1545 2284 1754 2325 argentum

1095 2332 1199 2371 dare.
1256 2330 1428 2371 Nostram
1469 2329 1755 2380 interpretatio-

1095 2401 1186 2428 nem
1215 2384 1292 2426 efl‘e
1320 2399 1469 2433 veram,
1500 2396 1607 2438 patet
1626 2398 1674 2423 ex
1703 2382 1755 2424 se·

1094 2444 1331 2497 quentibus,
1386 2443 1471 2482 Hoc
1516 2443 1580 2496 qui
1625 2454 1755 2496 cogam

1094 2512 1166 2542 etc.
1219 2503 1259 2540 Z.

1151 2568 1201 2607 51
1225 2556 1298 2595 Sed
1316 2554 1400 2595 hinc
1412 2552 1618 2606 concedam]
1644 2550 1753 2592 Prisc.

1095 2611 1160 2652 lib.
1183 2626 1238 2651 vu.
1297 2616 1335 2654 L.

1150 2668 1259 2710 Hunc
1288 2668 1366 2709 duo
1397 2679 1445 2706 ex
1464 2663 1620 2707 nostris:
1647 2675 1688 2704 et
1705 2664 1756 2703 fle

1675 2722 1756 2761 lau·
