1827 3180
595 206 953 254 PHORMIO.

1338 216 1432 273 565

182 338 256 382 Te
276 333 392 382 ſtram
414 335 778 395 rogauitrursum
798 346 844 382 vt
863 351 1014 397 ageres
1033 349 1043 387 ;
1080 335 1245 383 causam
1277 347 1325 384 vt
1345 354 1430 402 pro

278 411 318 458 se
349 411 511 458 diceres
529 431 538 457 ε

183 490 307 535 Nam
345 499 576 552 potaturus
610 485 669 534 est
692 487 811 553 apud
832 503 927 534 me:
967 503 1052 549 ego
1074 503 1145 534 me
1166 489 1230 534 ire
1253 487 1424 536 senibus

279 565 467 610 Sunium

86 656 147 689 ιο
183 641 339 687 Dicam
364 640 417 686 ad
441 650 694 692 mercatum,
717 638 966 686 ancillulam
990 650 1172 693 emtum,
1197 655 1327 703 quarn
1343 639 1424 687 du-

278 715 386 762 dum
409 717 513 762 dixit
536 718 669 763 Geta:

180 795 285 845 Ne,
316 809 456 855 quum
478 793 550 838 hic
575 809 665 838 non
689 791 863 840 videant
888 807 975 845 me,
1009 788 1224 838 conficere
1246 791 1424 839 credant

275 879 508 928 argentum
529 867 669 914 suum.

177 944 261 992 Sed
285 942 440 990 ostium
464 945 721 1008 concrepuit
744 943 818 990 abs
844 954 903 991 te.
924 937 1021 990 AN.
1051 942 1165 996 vide,
1191 944 1287 1008 quis
1301 959 1423 1005 egre·

277 1019 435 1068 diatur.
471 1017 566 1067 PH.
608 1012 788 1067 Geta’st.

115 1166 435 1219 ACTVS
489 1166 836 1227 QVINTI
891 1165 1189 1218 SCENA
1236 1165 1342 1220 VI.

282 1257 462 1298 GETA.
517 1259 823 1298 ANTIPHO.
873 1256 1180 1298 PHORMIO.

41 1389 143 1501 O

377 1470 552 1522 tatibus,

39 1689 186 1730 dietum
205 1687 270 1737 est,
298 1688 472 1729 Tradunt
488 1701 615 1742 operas
624 1702 703 1728 mus

44 1760 137 1787 tuM.
196 1748 244 1785 D.

99 1799 257 1854 Viciffim
297 1801 451 1854 partes]
502 1801 704 1851 Quemad-

38 1859 202 1898 modum
223 1868 262 1895 tu
281 1868 438 1908 propter
466 1855 615 1896 facinus
637 1858 702 1897 du-

40 1915 123 1953 ftae
145 1914 267 1952 xxoris
290 1923 438 1964 patrem
470 1912 618 1966 fugisti,
647 1926 701 1954 et·

40 1972 116 2010 iam
155 1971 219 2009 ille
264 1980 421 2020 propter
457 1972 700 2009 meretricem

39 2027 210 2066 afuturus
230 2025 302 2073 est,
331 2026 560 2077 rogauitque
585 2038 633 2072 te,
662 2037 700 2066 vt

40 2080 191 2121 causam
215 2095 284 2132 pro
306 2078 341 2120 se
363 2082 522 2119 diceres.
581 2085 623 2120 E.

100 2142 151 2177 X't
179 2137 282 2190 Qus
315 2148 490 2184 acuatur,
532 2150 694 2188 repone,

45 2190 205 2244 Vinffim
240 2194 360 2243 partis
403 2194 490 2232 tucis
529 2194 700 2245 ac'turust.

41 2250 180 2303 Quis?
209 2247 316 2296 vtis
334 2259 370 2298 p.
428 2251 467 2287 Β.

101 2311 121 2352 8
164 2303 214 2341 Te
231 2302 343 2352 suam
372 2305 524 2356 rogauit
555 2303 701 2354 rurficm

44 2373 86 2398 τι
123 2359 267 2413 ageres]
308 2358 456 2396 Partem
485 2360 614 2410 (Apud
638 2373 702 2412 pa-

43 2429 153 2456 trem.
209 2412 431 2453 Praesertim
451 2427 537 2452 cum
551 2416 702 2454 Patrem

42 2473 84 2512 in
108 2468 175 2511 ΜΓ.
197 2474 236 2509 B.
266 2470 434 2522 legatur)
463 2471 601 2509 iterum
623 2468 703 2509 sub-

44 2526 256 2566 audiamus.
289 2538 326 2564 et
355 2525 407 2563 est
433 2529 570 2573 ζεῦγμα
602 2541 622 2566 a
650 2525 703 2566 su·

44 2584 211 2635 periore.
270 2585 316 2621 D.

102 2640 214 2678 Solus
246 2636 455 2678 Bembinus
496 2652 565 2689 pro
591 2639 700 2679 Suam

47 2695 150 2736 refie
162 2694 279 2735 habet
291 2695 394 2744 Suus,
410 2692 453 2734 sc.
463 2707 598 2749 partes.
628 2699 668 2737 Β.

187 1413 206 1440 r
230 1411 256 1440 o
277 1412 307 1439 R
329 1413 362 1439 τ
385 1413 413 1440 ν
436 1412 467 1438 N
491 1413 516 1439 A
533 1427 547 1451 ‚
582 1413 610 1442 o
630 1399 741 1444 Fors
765 1396 960 1448 fortuna,
980 1395 1152 1458 quantis
1177 1393 1416 1441 commodi·

1273 1547 1421 1599 Quam

809 1701 837 1745 9
867 1687 1042 1744 Senibus]
1073 1685 1415 1728 obsauaciammi-

752 1760 795 1786 re
815 1744 988 1785 exsultat.
1050 1750 1099 1787 D.

811 1815 861 1844 10
889 1801 1012 1842 Nostri
1034 1814 1119 1840 cum
1140 1798 1237 1840 Edd.
1256 1811 1347 1839 vett.
1360 1813 1415 1840 re-

754 1859 813 1898 &e
839 1860 1032 1898 collocant
1050 1858 1208 1897 Dtidum
1228 1869 1338 1910 quam
1358 1858 1414 1895 di-

750 1917 810 1957 xit
830 1914 933 1954 Geta.
995 1917 1036 1953 B.

811 1984 861 2012 12
888 1969 1071 2011 Bembini
1102 1969 1310 2008 leuionem
1328 1968 1413 2025 Qi

750 2040 821 2079 pro
833 2028 930 2079 Qu's
944 2023 1067 2064 versus
1082 2026 1175 2064 ratio
1188 2024 1336 2076 probat.
1370 2029 1410 2063 Β.

809 2096 825 2124 1
864 2086 897 2122 Ο
915 2084 1008 2135 fors
1025 2081 1209 2134 fortuna]
1244 2081 1412 2119 Fortuna

751 2139 850 2178 dista
871 2138 923 2179 est
945 2139 1092 2177 incerta
1114 2150 1193 2175 res:
1226 2138 1411 2187 For-sfbr-

751 2209 858 2243 tuna,
882 2207 1049 2234 euentus
1069 2193 1246 2232 fortunae
1270 2193 1409 2229 bonus.

751 2253 844 2292 Fors
873 2250 1055 2303 fbrmnn]
1094 2248 1213 2289 Aliud
1242 2248 1412 2287 fortuna

752 2307 815 2354 est,
835 2306 938 2344 aliud
961 2305 1055 2344 Fors
1076 2306 1253 2356 Jbrturm.
1310 2305 1410 2342 Nam

752 2363 847 2401 Fors
878 2361 1040 2415 fortuna
1079 2359 1143 2405 cst,
1176 2361 1283 2398 cuius
1304 2358 1411 2397 diem

752 2416 885 2456 festum
917 2415 1067 2465 colunt,
1110 2416 1175 2466 qui
1217 2415 1295 2453 (ine
1325 2425 1408 2453 arte

753 2475 832 2524 (qui
851 2486 931 2510 arte
951 2470 1046 2511 Edd.
1069 2474 1179 2523 vett.)
1211 2472 1335 2522 aliqua
1356 2471 1408 2508 vi·

755 2539 862 2569 uunt,
893 2526 1005 2578 huius
1026 2527 1142 2565 aedes
1172 2538 1272 2566 trans
1291 2525 1408 2567 'l'ibe-

753 2585 824 2624 rim
847 2583 911 2622 est.
972 2587 1021 2625 D.

809 2642 842 2679 O
872 2639 1058 2682 Fortuna!
1101 2638 1134 2677 Ο
1158 2638 1271 2692 Fors]
1301 2640 1412 2678 Haec

749 2697 873 2738 Seena
910 2706 1032 2734 totum
1074 2691 1184 2736 soluit
1218 2706 1410 2737 errorem;

863 2754 937 2791 Nn
968 2764 991 2804 3
1304 2749 1406 2800 quod
