1859 3196
689 203 1034 278 ΗΕΒΥΒΑ.ν

1413 216 1512 268 349

271 342 513 387 Ferantur:
555 333 655 382 dixi.
694 330 786 382 So.
826 336 885 381 ita
905 343 952 382 vt
969 315 1093 381 iubes'
1103 367 1118 388 ‚
1151 332 1319 381 faciam.
1358 328 1511 382 PAM.

370 423 511 479 pater.

272 487 364 537 LA.
407 487 530 543 Quid
552 490 640 541 vis,
672 481 932 552 Pamphile?
967 484 1115 533 PAM.
1154 485 1258 532 hinc
1282 484 1400 533 abire
1422 503 1511 534 ma-

373 563 521 613 trem?
553 566 750 610 minime.
793 561 899 610 LA.
934 561 1041 625 quid
1064 563 1122 607 ita
1146 559 1253 608 istuc
1274 560 1376 611 vis?

269 638 350 689 PA
365 653 417 687 M.
459 641 577 694 Quia
597 639 650 686 de
672 655 804 688 vxore
829 640 1021 685 incertus
1041 637 1132 685 sum
1160 639 1289 686 etiam
1313 638 1420 702 quid
1430 635 1510 686 sim

370 713 578 766 fastorus.
616 714 719 762 LA.
758 714 866 778 quid
886 713 977 760 est?

274 792 398 848 Quid
429 793 492 839 vis
529 785 694 844 facere,
726 789 802 837 nifi
834 788 1074 837 reducere?
1107 786 1264 836 PAM.
1303 789 1511 854 equidem

371 870 518 932 cupio,
543 879 585 913 et
606 869 676 914 vix
700 869 943 914 contineor.

181 963 240 998 10
272 944 358 995 Sed
387 960 480 990 non
521 945 717 989 minuam
745 959 897 992 meum
930 939 1180 991 consilium:
1217 957 1269 990 ex
1288 941 1362 990 vsu
1387 940 1510 1007 quod

374 1017 447 1081 est,
469 1017 516 1065 id
533 1018 780 1086 persequar.

136 1255 223 1284 mor
247 1239 348 1282 senis
375 1241 540 1289 mulier,
573 1254 656 1282 non
676 1239 799 1281 firma-

137 1301 206 1349 uit,
224 1296 290 1339 sed
298 1299 410 1352 spero
431 1298 572 1350 inquit.
628 1301 672 1338 E.

197 1331 299 1398 ²Cum
332 1355 488 1407 optimis
525 1354 651 1397 Codd
689 1364 725 1394 vt
759 1364 799 1393 et

139 1411 376 1452 trochaicum
393 1411 563 1460 adiuues,
583 1412 674 1464 lege
693 1411 800 1466 Quae

141 1481 263 1509 tecum
269 1465 313 1518 s
308 1467 394 1506 mul
450 1471 490 1507 Β.

195 1527 222 1566 6
268 1523 386 1577 Dixi]
432 1522 698 1563 Denunciatio
749 1520 802 1561 est

139 1578 436 1620 confirmandae
454 1575 692 1628 sententiae,
727 1590 800 1616 nee

139 1634 380 1677 mutandaex
410 1644 449 1675 et
466 1632 646 1674 translata
673 1633 728 1673 est
751 1634 802 1673 de

139 1690 228 1732 foro
252 1702 293 1731 et
316 1690 522 1732 causidicis.
581 1691 800 1743 Cic.(Verr.

140 1760 193 1798 11,
221 1749 306 1801 30.)
333 1747 475 1787 Praeco
495 1745 623 1799 dixiffi·
638 1759 800 1800 pronun

140 1808 228 1845 ciat.
285 1803 404 1858 Dixi]
442 1806 529 1846 Hoc
561 1803 723 1843 verbum
758 1804 801 1842 in

128 1859 223 1902 'fine
240 1860 416 1900 additum
439 1858 635 1912 superiora
664 1858 801 1899 confir-

141 1927 244 1958 mat:
274 1927 313 1956 et
334 1915 388 1956 est
407 1917 609 1968 proprium
626 1914 703 1966 his,
734 1916 801 1967 qui

144 1983 431 2026 perorauerunt
449 1971 609 2012 causam.
668 1972 800 2026 Pater]

139 2026 269 2082 Ipsum
303 2041 452 2068 nomen
485 2027 803 2069 dehortationem

140 2084 337 2139 fignificat,
356 2085 502 2129 adie&a
513 2086 802 2136 pronunciatio-

142 2155 211 2182 ne.
267 2141 400 2195 Pater]
431 2142 493 2182 Sic
513 2142 742 2193 pronuncia,
764 2150 803 2179 vt

143 2197 221 2238 hoc
249 2196 422 2236 vultuose
447 2198 588 2238 diRum
607 2196 668 2246 fit,
693 2198 804 2248 ,Hinc

143 2253 248 2294 abire
266 2252 448 2296 matrem?
501 2256 551 2293 D.

200 2320 228 2361 7
260 2308 365 2361 Qid
380 2310 454 2359 vis,
472 2308 712 2403 Pamphileq

146 2376 235 2405 cete
251 2363 397 2417 praesto
415 2363 522 2416 ,Quid
541 2369 616 2414 vis,
632 2378 690 2413 :re
707 2377 803 2416 pon-

145 2422 216 2461 dit.
277 2420 381 2475 Qid
399 2424 452 2462 ita
468 2419 557 2471 istuc
573 2424 630 2460 vis
639 2422 676 2475 ἓ]
707 2423 803 2460 Rem

144 2476 259 2529 supra
306 2476 451 2516 audiuit
497 2487 535 2515 et
579 2477 804 2530 personam}

145 2547 254 2576 nunc
272 2530 418 2572 causam
431 2533 593 2583 quaerit.
624 2533 724 2586 quasi
745 2533 803 2574 di·

148 2602 226 2638 cat,
252 2589 334 2642 Esto
359 2603 402 2628 vt
429 2590 545 2628 nolis:
573 2591 664 2645 quid
682 2603 805 2630 tanto-

146 2658 234 2702 pere
252 2659 326 2685 non
350 2647 434 2685 vis
425 2649 441 2674 ²
493 2648 543 2686 D.

206 2700 344 2745 Versus
375 2700 428 2742 est
453 2700 668 2745 trochaicus
687 2712 805 2744 teti-a-

737 2311 803 2348 Fa-

1363 1093 1512 1142 Credo

846 1251 974 1283 meter
1004 1241 1286 1294 acatalei‘ticus‚
1317 1249 1357 1280 vt
1379 1248 1421 1279 et
1439 1250 1510 1279 no-

848 1313 932 1340 nus,
988 1312 1193 1340 FAERN.

906 1363 929 1405 8
962 1356 1132 1396 Incertus
1145 1354 1233 1406 fiam
1252 1354 1384 1404 etiam,
1416 1350 1511 1405 quid

838 1409 910 1463 fim
925 1411 1118 1464 fizcfi’urus]
1150 1415 1257 1458 Non,
1286 1410 1391 1464 Qid
1406 1410 1510 1460 faci-

851 1481 921 1517 am,
941 1467 1060 1507 dixit:
1086 1465 1163 1515 sed,
1185 1467 1294 1522 Qid
1308 1466 1510 1518 fimjitfflu-

850 1537 939 1564 rus:
968 1534 1006 1563 vt
1041 1524 1190 1563 incerta
1226 1522 1431 1562 molimina
1454 1530 1511 1560 et-

850 1581 928 1620 iam
966 1579 1093 1625 »eibis
1128 1575 1252 1630 poffet
1291 1575 1508 1617 ostendere

850 1636 956 1690 Quid
983 1635 1056 1687 est?
1065 1636 1082 1689 ]
1122 1639 1170 1675 Et
1196 1633 1304 1688 ‚Qid
1335 1636 1391 1672 ita
1417 1632 1509 1684 istuc

849 1696 930 1739 vis,
960 1703 1000 1731 et
1020 1692 1134 1747 Qod
1152 1690 1209 1742 est,
1229 1703 1277 1730 eo
1297 1690 1403 1729 vultu
1424 1702 1510 1742 pro-

851 1750 1107 1796 nunciantur,
1143 1758 1181 1786 vt
1207 1746 1406 1785 consilium
1425 1746 1511 1788 eius

851 1817 890 1847 et
909 1804 1025 1844 verba
1044 1804 1224 1844 videatur
1253 1813 1510 1843 contemnere

850 1872 970 1915 pater.
1028 1863 1077 1901 D.

903 1930 929 1971 9
958 1916 1065 1972 Qid
1079 1919 1136 1955 vis
1149 1915 1289 1970 ficere,
1310 1914 1381 1966 nifi
1401 1915 1510 1954 redu-

852 1976 983 2030 cere?]
1015 1974 1076 2014 Sic
1098 1973 1273 2024 loquitui
1291 1971 1447 2020 Laches,
1469 1980 1509 2011 vt

851 2030 954 2070 aliud
999 2028 1222 2081 Pamphilus
1269 2026 1510 2080 respondere

850 2101 937 2126 non
957 2087 1107 2126 audeat
1143 2097 1184 2124 et
1203 2084 1294 2124 ideo
1315 2084 1428 2135 dicit,
1459 2083 1510 2122 E-

852 2144 996 2197 quidem
1019 2145 1133 2195 capia,
1155 2155 1191 2181 et
1206 2144 1275 2180 vix
1295 2140 1507 2193 contineor]

852 2203 909 2241 Vt
947 2199 1130 2239 ieducam
1174 2196 1328 2236 scilicet.
1392 2196 1510 2235 Adeo

851 2268 994 2308 magna
1012 2252 1120 2293 causa
1140 2253 1193 2293 est
1213 2267 1294 2292 non
1320 2252 1513 2292 reducen-

853 2312 903 2361 di,
924 2322 964 2350 vt
985 2325 1070 2350 cum
1089 2310 1223 2359 velim,
1251 2322 1333 2348 non
1362 2308 1510 2362 poffim.

851 2372 901 2408 D.

907 2426 980 2463 Pro
1007 2422 1184 2463 Contineo
1214 2422 1398 2461 meliores
1423 2420 1511 2461 libri

851 2478 996 2518 habent
1018 2479 1232 2518 contineor.
1288 2481 1327 2519 B.

905 2547 954 2576 10
965 2536 1035 2574 Sed
1042 2548 1117 2575 non
1128 2539 1290 2575 minuam
1300 2548 1415 2575 meum
1426 2548 1511 2577 con-

844 2590 990 2645 flium]
1017 2592 1141 2632 Caute
1161 2589 1260 2638 satis,
1280 2591 1510 2641 reducendi,

852 2648 992 2699 inquit,
1004 2648 1191 2700 cupiditas
1203 2647 1276 2689 est:
1304 2662 1385 2687 non
1400 2647 1512 2687 redu-

853 2704 972 2748 cendi
982 2704 1192 2747 confilium.
1235 2704 1283 2747 Id
1291 2704 1512 2758 persequar]

1416 2763 1514 2800 Nou
