1875 3244
677 178 976 232 HECYRA.

1380 184 1468 227 261

250 316 399 365 Habes
422 330 600 364 omnem
621 330 742 362 rem:
780 328 960 379 pergam
980 326 1068 374 quo
1090 308 1215 373 coepi
1235 306 1319 355 hoc
1334 307 1434 356 iter.

122 410 140 443 Ι
155 411 214 444 20
247 392 282 442 P
296 406 347 439 Η.
389 396 445 440 Et
464 392 641 455 quidem
665 407 770 452 ego:

344 468 511 533 hospite

810 404 911 436 nam
934 384 1134 435 constitui
1157 401 1256 431 cum
1276 383 1467 447 quodam

244 546 324 590 Me
347 540 429 589 esse
450 543 574 589 illum
591 550 919 590 conuenturam.
957 535 1052 584 ΡΑ.
1090 535 1151 583 Di
1173 543 1344 582 vortant
1354 532 1468 579 bene

244 619 381 673 Quod
400 636 514 680 agas.
554 618 590 669 P
603 630 656 668 Η.
692 617 800 666 vale.
836 612 870 663 P
883 628 933 660 A.
971 623 1016 661 et
1036 624 1084 659 tu
1105 610 1218 658 bene
1239 609 1346 667 vale,
1368 607 1466 654 Phi-

343 694 514 742 lotium.

173 840 478 895 ACTVS
537 835 956 892 SECVNDI
1021 831 1320 887 SCENA
1368 827 1402 885 l.

417 927 725 970 LACHES.
781 927 1180 970 sosTRATA.

110 1063 187 1176 P
204 1087 232 1115 n
253 1086 280 1117 o
321 1071 470 1116 Deum
491 1077 619 1132 atque
635 1065 870 1114 hominum
890 1061 1045 1116 fidem!
1081 1059 1202 1127 quod'
1221 1059 1306 1107 hoc
1329 1071 1468 1118 genus

417 1142 489 1198 est,
511 1159 620 1209 quae
641 1142 747 1190 haec
770 1140 829 1190 est
851 1138 1123 1190 coniuratio?

111 1344 202 1397 quia
229 1340 393 1384 curiosus
413 1343 468 1383 est
484 1346 694 1391 Pal-menn,
723 1351 764 1382 et

110 1401 216 1441 idern
246 1400 430 1454 garrulus.
484 1403 582 1440 Nam
608 1411 678 1450 per
707 1408 762 1436 to-

113 1467 190 1496 tam
221 1457 403 1496 Fabulam
436 1456 518 1494 talis
548 1454 756 1493 inducitur.

112 1511 297 1563 Ntsfi'sane
316 1525 421 1552 curae
440 1509 503 1564 est]
520 1506 683 1554 ἔλλειψις.
698 1508 764 1548 de·
799 1523 805 1527 ¹

112 1568 167 1608 est
185 1570 290 1608 Scire.
349 1570 396 1607 Et
407 1567 461 1606 est
479 1566 646 1615 σύλληψις,
663 1564 758 1614 Scio,

101 1625 213 1676 scire,
236 1637 322 1663 cum
344 1627 514 1668 ἀναβάσει.
569 1624 618 1663 D.

172 1691 267 1733 119
313 1679 433 1718 Habes
485 1690 626 1717 omnem
665 1676 760 1730 rem]

112 1735 226 1787 Quasi
246 1735 364 1783 dicat,
398 1748 422 1785 q
441 1747 513 1773 tam
540 1733 673 1773 audire
697 1745 762 1771 ex-

114 1791 251 1844 petisti.
321 1790 501 1845 Pergam,
547 1803 618 1841 quo
663 1790 763 1841 coepi

115 1848 181 1887 hoc
209 1847 296 1901 iter]
324 1846 481 1901 Pergam
508 1843 575 1883 hoc
602 1847 692 1883 iter:
726 1855 762 1883 vt

114 1905 237 1952 (Aen.
257 1916 320 1950 vl,
349 1902 486 1954 240),
511 1900 667 1940 Tendere
689 1901 762 1938 iter

112 1960 251 2012 pennis.
306 1956 391 2010 Quo
434 1960 533 2009 coepi
568 1956 635 1994 hoc
668 1956 758 2010 iter]

115 2015 175 2055 Ad
197 2024 346 2066 portum
366 2010 512 2052 scilicet.
568 2013 616 2052 D.
672 2058 677 2061 λ

177 2080 253 2110 120
285 2069 385 2108 Nam
404 2067 573 2120 constitui
590 2081 667 2106 cum
676 2079 760 2120 quo-

113 2125 197 2164 dam
219 2123 371 2178 hospite]
399 2124 503 2164 Dicit
521 2121 676 2172 causam,
697 2136 762 2161 cur

117 2182 155 2221 iu
187 2182 332 2231 reliqua
349 2179 486 2219 Fabula
511 2191 591 2218 non
610 2191 763 2231 appare-

117 2248 153 2275 nt
190 2234 353 2288 persona
390 2235 503 2274 huius
541 2235 760 2274 meretricis.

117 2291 326 2345 Constitui]
372 2289 548 2341 Constitui
594 2292 758 2341 proprie.

114 2352 212 2388 Nam
234 2348 283 2386 de
300 2344 507 2386 huiusmodi
531 2345 644 2383 rebus
670 2344 759 2383 dici-

113 2416 173 2443 tur
206 2403 419 2443 conuenire
444 2413 481 2440 et
508 2401 754 2449 constituere,

112 2463 162 2498 de
182 2456 390 2499 cuiusmodi
409 2457 517 2495 rebus
530 2457 630 2508 apud
641 2467 757 2497 extra-

115 2529 210 2556 neos
228 2515 442 2555 meretrices
465 2522 594 2564 agunt.
651 2515 701 2553 D.

169 2583 241 2614 121
281 2569 336 2610 Di
369 2581 520 2607 vortant
548 2568 634 2609 hene
660 2567 759 2622 quod

112 2630 222 2682 ogas]
252 2628 376 2677 Saepe
403 2625 509 2663 enim
540 2625 602 2663 tes
625 2624 756 2664 eueni-

117 2694 189 2722 unt
214 2683 337 2728 aliter,
364 2694 479 2734 quam
497 2680 688 2721 volumus:
718 2678 758 2719 e't

1406 1211 1476 1254 Vt*

811 1341 902 1380 ideo
931 1342 1168 1382 Vertumnus
1194 1335 1352 1380 colitur,
1396 1331 1464 1382 qui

811 1396 960 1450 praeest
977 1396 1090 1437 tebus
1108 1390 1353 1433 vertentibus.
1384 1389 1436 1427 D.

870 1520 889 1550 1
923 1508 1000 1546 Pro
1019 1506 1140 1546 Deum
1159 1516 1264 1557 atque
1279 1500 1465 1541 bominum

805 1562 961 1617 fideml]
993 1567 1033 1601 ln
1054 1561 1122 1600 hac
1133 1563 1257 1602 Scena
1278 1554 1464 1596 accusatio

811 1620 937 1659 socrus
955 1617 1029 1657 est:
1059 1630 1157 1668 quae
1176 1614 1213 1655 se
1231 1612 1465 1652 coniectura·

811 1676 896 1714 liter
914 1672 1102 1720 defendit,
1124 1671 1254 1710 dicens
1275 1668 1405 1708 nihila
1423 1663 1462 1705 se

809 1730 950 1770 factum
988 1730 1029 1768 in
1073 1728 1286 1781 perniciem
1328 1734 1459 1762 nurus.

812 1787 890 1827 Pro
917 1785 1039 1825 Deum
1064 1797 1170 1837 atque
1201 1782 1387 1821 hominum
1409 1775 1459 1828 fi-

810 1843 939 1896 dem!]
970 1840 1126 1886 E'mrxezzq
1151 1838 1197 1878 ab
1218 1836 1460 1876 exclamatio-

810 1911 862 1938 ne
891 1909 1032 1950 coepta
1056 1899 1178 1935 §cena
1212 1894 1275 1933 est.
1330 1891 1459 1930 Senex

810 1956 916 1994 enim
963 1953 1016 1992 est
1057 1951 1221 1991 difficilis
1258 1959 1295 1988 et
1332 1948 1458 1986 iratus.

809 2011 921 2064 and
939 2009 1004 2047 hoc
1025 2022 1139 2063 genus
1161 2006 1230 2059 est?
1259 2017 1352 2058 quae
1372 2003 1457 2041 haee

810 2068 857 2121 est
888 2064 1145 2117 coniuratia?]
1185 2064 1355 2103 Conatur
1380 2060 1461 2097 Te-

810 2123 955 2161 rentius
971 2118 1151 2160 aduersus
1162 2117 1299 2157 famam
1312 2113 1458 2154 socrum

811 2179 952 2217 bonam
992 2177 1181 2227 reperire;
1211 2184 1251 2212 et
1278 2171 1409 2220 incipit
1434 2182 1457 2207 ι

811 2233 983 2286 generali
994 2231 1285 2274 exclamatione,
1306 2240 1384 2278 quo
1396 2236 1459 2263 ve·

808 2289 1028 2328 hementior
1059 2287 1101 2325 {it
1137 2287 1219 2324 eius
1251 2281 1455 2322 accusatio:

807 2342 1124 2397 paulatimquend
1137 2339 1298 2393 speciale
1311 2339 1456 2376 crimen

806 2397 1016 2442 descendit,
1080 2397 1192 2451 Qod
1226 2397 1289 2436 hoc
1323 2392 1453 2449 genus]

805 2451 1008 2497 Accusatio
1031 2469 1051 2493 a
1070 2451 1250 2506 persona:
1278 2453 1337 2490 cui
1363 2450 1458 2488 acci-

806 2512 862 2551 dit
889 2523 936 2549 ex
964 2508 1052 2549 sexu
1079 2521 1116 2549 et
1135 2506 1220 2559 (Cui
1241 2507 1374 2547 accedit
1393 2519 1455 2543 ex·-

806 2582 867 2609 tra
884 2566 1018 2618 fixum
1046 2572 1154 2605 etiam
1181 2567 1239 2617 Z.)
1271 2561 1374 2616 quod
1399 2559 1452 2600 so·
1483 2600 1490 2606 s

807 2636 888 2663 crus
910 2622 972 2661 est.
1031 2621 1268 2675 coniuratio]
1300 2615 1452 2669 Confis-

809 2682 857 2727 (ιο
888 2676 1116 2731 (Confinfi'o)
1143 2677 1273 2718 bonae
1299 2676 1354 2717 rei
1386 2673 1454 2720 est.

918 2738 944 2775 R
981 2747 999 2788 3
1365 2731 1463 2782 (ρει,
