<?xml version="1.0" encoding="UTF-8"?>
<!DOCTYPE html PUBLIC "-//W3C//DTD XHTML 1.0 Transitional//EN"
    "http://www.w3.org/TR/xhtml1/DTD/xhtml1-transitional.dtd">
<html xmlns="http://www.w3.org/1999/xhtml" xml:lang="en" lang="en">
 <head>
  <title>
</title>
<meta http-equiv="Content-Type" content="text/html;charset=utf-8" />
  <meta name='ocr-system' content='tesseract 3.04.00' />
  <meta name='ocr-capabilities' content='ocr_page ocr_carea ocr_par ocr_line ocrx_word'/>
</head>
<body>
  <div class='ocr_page' id='page_1' title='image "./comoediaesexexre02tereuoft_0084.png"; bbox 0 0 1875 3292; ppageno 0'>
   <div class='ocr_carea' id='block_1_1' title="bbox 796 177 1366 225">
    <p class='ocr_par' dir='ltr' id='par_1_1' title="bbox 796 177 1366 225">
     <span class='ocr_line' id='line_1_1' title="bbox 796 177 1366 225; baseline 0 0"><span class='ocrx_word' id='word_1_1' title='bbox 796 178 951 225; x_wconf 82' lang='lat' dir='ltr'><strong>ACT.</strong></span> <span class='ocrx_word' id='word_1_2' title='bbox 984 177 1040 222; x_wconf 91' lang='grc' dir='ltr'>Π.</span> <span class='ocrx_word' id='word_1_3' title='bbox 1080 177 1274 225; x_wconf 87' lang='lat' dir='ltr'><strong>SCEN.</strong></span> <span class='ocrx_word' id='word_1_4' title='bbox 1304 177 1366 225; x_wconf 80' lang='lat'>11.</span> 
     </span>
    </p>
   </div>
   <div class='ocr_carea' id='block_1_2' title="bbox 419 300 1805 675">
    <p class='ocr_par' dir='ltr' id='par_1_2' title="bbox 518 300 1805 598">
     <span class='ocr_line' id='line_1_2' title="bbox 518 300 1805 370; baseline 0 -16"><span class='ocrx_word' id='word_1_5' title='bbox 518 310 676 354; x_wconf 87' lang='lat' dir='ltr'>Meum</span> <span class='ocrx_word' id='word_1_6' title='bbox 698 306 805 353; x_wconf 83' lang='lat' dir='ltr'>mihi</span> <span class='ocrx_word' id='word_1_7' title='bbox 830 305 1048 359; x_wconf 85' lang='lat' dir='ltr'>reddatur,</span> <span class='ocrx_word' id='word_1_8' title='bbox 1081 304 1226 352; x_wconf 84' lang='lat' dir='ltr'>saltem</span> <span class='ocrx_word' id='word_1_9' title='bbox 1247 307 1398 368; x_wconf 85' lang='lat' dir='ltr'>quanti</span> <span class='ocrx_word' id='word_1_10' title='bbox 1420 300 1596 359; x_wconf 85' lang='lat' dir='ltr'>emta&#39;st,</span> <span class='ocrx_word' id='word_1_11' title='bbox 1627 307 1752 370; x_wconf 83' lang='lat' dir='ltr'>Syre.</span> <span class='ocrx_word' id='word_1_12' title='bbox 1803 310 1805 314; x_wconf 76' lang='grc'>’</span> 
     </span>
     <span class='ocr_line' id='line_1_3' title="bbox 519 382 1489 432; baseline -0.002 -1"><span class='ocrx_word' id='word_1_13' title='bbox 519 386 618 432; x_wconf 89' lang='lat' dir='ltr'>Scio</span> <span class='ocrx_word' id='word_1_14' title='bbox 639 397 681 430; x_wconf 87' lang='lat' dir='ltr'>te</span> <span class='ocrx_word' id='word_1_15' title='bbox 702 400 792 430; x_wconf 87' lang='lat' dir='ltr'>non</span> <span class='ocrx_word' id='word_1_16' title='bbox 817 382 936 430; x_wconf 82' lang='lat' dir='ltr'>vsum</span> <span class='ocrx_word' id='word_1_17' title='bbox 961 383 1141 428; x_wconf 87' lang='lat' dir='ltr'>antehac</span> <span class='ocrx_word' id='word_1_18' title='bbox 1163 384 1346 429; x_wconf 85' lang='lat' dir='ltr'>amicitia</span> <span class='ocrx_word' id='word_1_19' title='bbox 1370 399 1489 429; x_wconf 82' lang='lat' dir='ltr'>mea:</span> 
     </span>
     <span class='ocr_line' id='line_1_4' title="bbox 520 448 1702 518; baseline -0.003 -11"><span class='ocrx_word' id='word_1_20' title='bbox 520 463 772 507; x_wconf 79' lang='lat' dir='ltr'>Memorem</span> <span class='ocrx_word' id='word_1_21' title='bbox 794 475 865 505; x_wconf 83' lang='lat' dir='ltr'>me</span> <span class='ocrx_word' id='word_1_22' title='bbox 889 457 1003 505; x_wconf 86' lang='lat' dir='ltr'>dices</span> <span class='ocrx_word' id='word_1_23' title='bbox 1027 455 1109 504; x_wconf 83' lang='lat' dir='ltr'>effe</span> <span class='ocrx_word' id='word_1_24' title='bbox 1133 470 1176 505; x_wconf 87' lang='lat' dir='ltr'>et</span> <span class='ocrx_word' id='word_1_25' title='bbox 1197 448 1385 518; x_wconf 72' lang='lat' dir='ltr'>gratum.</span> <span class='ocrx_word' id='word_1_26' title='bbox 1423 454 1516 504; x_wconf 83' lang='lat' dir='ltr'>SY.</span> <span class='ocrx_word' id='word_1_27' title='bbox 1555 456 1702 504; x_wconf 88' lang='lat' dir='ltr'>sedulo</span> 
     </span>
     <span class='ocr_line' id='line_1_5' title="bbox 519 532 1576 598; baseline -0.003 -16"><span class='ocrx_word' id='word_1_28' title='bbox 519 538 708 583; x_wconf 83' lang='lat' dir='ltr'>Faciam.</span> <span class='ocrx_word' id='word_1_29' title='bbox 749 534 818 581; x_wconf 89' lang='lat' dir='ltr'>sed</span> <span class='ocrx_word' id='word_1_30' title='bbox 845 532 1153 598; x_wconf 80' lang='lat' dir='ltr'>Ctesiphonem</span> <span class='ocrx_word' id='word_1_31' title='bbox 1173 533 1324 581; x_wconf 85' lang='lat' dir='ltr'>video:</span> <span class='ocrx_word' id='word_1_32' title='bbox 1358 533 1493 581; x_wconf 85' lang='lat' dir='ltr'>laetus</span> <span class='ocrx_word' id='word_1_33' title='bbox 1515 532 1576 580; x_wconf 86' lang='lat' dir='ltr'>est</span> 
     </span>
    </p>

    <p class='ocr_par' dir='ltr' id='par_1_3' title="bbox 419 606 1753 675">
     <span class='ocr_line' id='line_1_6' title="bbox 419 606 1753 675; baseline -0.004 -15"><span class='ocrx_word' id='word_1_34' title='bbox 419 624 492 675; x_wconf 63' lang='lat'>451</span> <span class='ocrx_word' id='word_1_35' title='bbox 521 616 590 660; x_wconf 86' lang='lat' dir='ltr'>De</span> <span class='ocrx_word' id='word_1_36' title='bbox 602 607 751 659; x_wconf 63' lang='lat' dir='ltr'>emica.</span> <span class='ocrx_word' id='word_1_37' title='bbox 764 608 846 660; x_wconf 80' lang='lat' dir='ltr'>SA.</span> <span class='ocrx_word' id='word_1_38' title='bbox 858 609 1102 675; x_wconf 85' lang='lat' dir='ltr'>quid,quod</span> <span class='ocrx_word' id='word_1_39' title='bbox 1114 620 1155 658; x_wconf 87' lang='lat' dir='ltr'>te</span> <span class='ocrx_word' id='word_1_40' title='bbox 1168 612 1279 658; x_wconf 81' lang='lat' dir='ltr'>oro?</span> <span class='ocrx_word' id='word_1_41' title='bbox 1292 606 1371 657; x_wconf 74' lang='lat' dir='ltr'>SY.</span> <span class='ocrx_word' id='word_1_42' title='bbox 1384 608 1600 675; x_wconf 79' lang='lat' dir='ltr'>paulisper</span> <span class='ocrx_word' id='word_1_43' title='bbox 1611 625 1753 660; x_wconf 87' lang='lat' dir='ltr'>mane.</span> 
     </span>
    </p>
   </div>
   <div class='ocr_carea' id='block_1_3' title="bbox 357 826 1046 2733">
    <p class='ocr_par' dir='ltr' id='par_1_4' title="bbox 376 826 1046 1330">
     <span class='ocr_line' id='line_1_7' title="bbox 436 826 1042 882; baseline -0.005 -13"><span class='ocrx_word' id='word_1_44' title='bbox 436 839 487 882; x_wconf 74' lang='lat'>41</span> <span class='ocrx_word' id='word_1_45' title='bbox 533 828 663 868; x_wconf 84' lang='lat' dir='ltr'>Meum</span> <span class='ocrx_word' id='word_1_46' title='bbox 708 826 801 867; x_wconf 78' lang='lat' dir='ltr'>mihi</span> <span class='ocrx_word' id='word_1_47' title='bbox 843 826 1042 882; x_wconf 80' lang='lat' dir='ltr'>reddatur]</span> 
     </span>
     <span class='ocr_line' id='line_1_8' title="bbox 381 881 1044 937; baseline -0.003 -12"><span class='ocrx_word' id='word_1_48' title='bbox 381 886 558 934; x_wconf 87' lang='lat' dir='ltr'>Sortem,</span> <span class='ocrx_word' id='word_1_49' title='bbox 587 899 702 937; x_wconf 87' lang='lat' dir='ltr'>quam</span> <span class='ocrx_word' id='word_1_50' title='bbox 721 883 838 923; x_wconf 84' lang='lat' dir='ltr'>solam</span> <span class='ocrx_word' id='word_1_51' title='bbox 860 881 969 936; x_wconf 81' lang='lat' dir='ltr'>supra</span> <span class='ocrx_word' id='word_1_52' title='bbox 987 898 1044 923; x_wconf 86' lang='lat' dir='ltr'>re-</span> 
     </span>
     <span class='ocr_line' id='line_1_9' title="bbox 383 940 1044 981; baseline 0.002 -2"><span class='ocrx_word' id='word_1_53' title='bbox 383 940 545 980; x_wconf 83' lang='lat' dir='ltr'>cusabat.</span> <span class='ocrx_word' id='word_1_54' title='bbox 600 945 646 981; x_wconf 89' lang='lat' dir='ltr'>Et</span> <span class='ocrx_word' id='word_1_55' title='bbox 676 942 863 981; x_wconf 83' lang='lat' dir='ltr'>oratorie:</span> <span class='ocrx_word' id='word_1_56' title='bbox 895 954 977 979; x_wconf 89' lang='lat' dir='ltr'>non</span> <span class='ocrx_word' id='word_1_57' title='bbox 1006 954 1044 980; x_wconf 89' lang='lat' dir='ltr'>e-</span> 
     </span>
     <span class='ocr_line' id='line_1_10' title="bbox 381 995 1046 1052; baseline -0.002 -16"><span class='ocrx_word' id='word_1_58' title='bbox 381 998 463 1036; x_wconf 84' lang='lat' dir='ltr'>nim</span> <span class='ocrx_word' id='word_1_59' title='bbox 491 995 635 1052; x_wconf 76' lang='lat' dir='ltr'>Qanti</span> <span class='ocrx_word' id='word_1_60' title='bbox 663 1000 731 1035; x_wconf 87' lang='lat' dir='ltr'>emi</span> <span class='ocrx_word' id='word_1_61' title='bbox 756 997 870 1036; x_wconf 79' lang='lat' dir='ltr'>dixit:</span> <span class='ocrx_word' id='word_1_62' title='bbox 901 995 962 1037; x_wconf 88' lang='lat' dir='ltr'>sed</span> <span class='ocrx_word' id='word_1_63' title='bbox 987 997 1046 1035; x_wconf 88' lang='lat' dir='ltr'>in-</span> 
     </span>
     <span class='ocr_line' id='line_1_11' title="bbox 380 1053 1043 1101; baseline 0.002 -10"><span class='ocrx_word' id='word_1_64' title='bbox 380 1053 552 1101; x_wconf 80' lang='lat' dir='ltr'>uidiose‚</span> <span class='ocrx_word' id='word_1_65' title='bbox 601 1054 732 1093; x_wconf 80' lang='lat' dir='ltr'>Meum</span> <span class='ocrx_word' id='word_1_66' title='bbox 773 1053 866 1092; x_wconf 74' lang='lat' dir='ltr'>mihi</span> <span class='ocrx_word' id='word_1_67' title='bbox 900 1054 1043 1092; x_wconf 75' lang='lat' dir='ltr'>reddat.</span> 
     </span>
     <span class='ocr_line' id='line_1_12' title="bbox 377 1109 1045 1164; baseline -0.001 -15"><span class='ocrx_word' id='word_1_68' title='bbox 377 1110 531 1164; x_wconf 69' lang='lat' dir='ltr'>Saltem]</span> <span class='ocrx_word' id='word_1_69' title='bbox 562 1109 612 1150; x_wconf 55' lang='lat' dir='ltr'>‘ro‘</span> <span class='ocrx_word' id='word_1_70' title='bbox 625 1111 782 1155; x_wconf 79' lang='grc' dir='ltr'><strong><em>ἔσχατον.</em></strong></span> <span class='ocrx_word' id='word_1_71' title='bbox 836 1112 977 1149; x_wconf 87' lang='lat' dir='ltr'>Natum</span> <span class='ocrx_word' id='word_1_72' title='bbox 990 1109 1045 1148; x_wconf 86' lang='lat' dir='ltr'>est</span> 
     </span>
     <span class='ocr_line' id='line_1_13' title="bbox 378 1164 1042 1217; baseline -0.002 -12"><span class='ocrx_word' id='word_1_73' title='bbox 378 1177 510 1206; x_wconf 84' lang='lat' dir='ltr'>antem</span> <span class='ocrx_word' id='word_1_74' title='bbox 542 1181 562 1205; x_wconf 89' lang='lat' dir='ltr'>a</span> <span class='ocrx_word' id='word_1_75' title='bbox 594 1168 757 1217; x_wconf 85' lang='lat' dir='ltr'>captiuis</span> <span class='ocrx_word' id='word_1_76' title='bbox 784 1164 938 1214; x_wconf 66' lang='lat' dir='ltr'>Saltem,</span> <span class='ocrx_word' id='word_1_77' title='bbox 976 1167 1042 1216; x_wconf 87' lang='lat' dir='ltr'>qui</span> 
     </span>
     <span class='ocr_line' id='line_1_14' title="bbox 376 1221 1040 1273; baseline -0.003 -10"><span class='ocrx_word' id='word_1_78' title='bbox 376 1222 477 1263; x_wconf 85' lang='lat' dir='ltr'>nihil</span> <span class='ocrx_word' id='word_1_79' title='bbox 513 1222 616 1262; x_wconf 80' lang='lat' dir='ltr'>aliud</span> <span class='ocrx_word' id='word_1_80' title='bbox 649 1233 804 1273; x_wconf 82' lang='lat' dir='ltr'>praeter</span> <span class='ocrx_word' id='word_1_81' title='bbox 829 1221 993 1273; x_wconf 75' lang='lat' dir='ltr'>ficlutem</span> <span class='ocrx_word' id='word_1_82' title='bbox 1018 1237 1040 1261; x_wconf 86' lang='lat' dir='ltr'>a</span> 
     </span>
     <span class='ocr_line' id='line_1_15' title="bbox 376 1279 803 1330; baseline -0.002 -12"><span class='ocrx_word' id='word_1_83' title='bbox 376 1279 520 1318; x_wconf 64' lang='lat' dir='ltr'>vistore</span> <span class='ocrx_word' id='word_1_84' title='bbox 543 1289 698 1330; x_wconf 85' lang='lat' dir='ltr'>petunt.</span> <span class='ocrx_word' id='word_1_85' title='bbox 754 1281 803 1318; x_wconf 91' lang='lat' dir='ltr'>D.</span> 
     </span>
    </p>

    <p class='ocr_par' dir='ltr' id='par_1_5' title="bbox 365 1334 1042 1781">
     <span class='ocr_line' id='line_1_16' title="bbox 429 1334 1041 1388; baseline -0.002 -13"><span class='ocrx_word' id='word_1_86' title='bbox 429 1347 482 1388; x_wconf 85' lang='lat'>42</span> <span class='ocrx_word' id='word_1_87' title='bbox 523 1334 606 1374; x_wconf 80' lang='lat' dir='ltr'>Scio</span> <span class='ocrx_word' id='word_1_88' title='bbox 638 1347 714 1374; x_wconf 80' lang='lat' dir='ltr'>non</span> <span class='ocrx_word' id='word_1_89' title='bbox 742 1348 777 1372; x_wconf 85' lang='lat' dir='ltr'>te</span> <span class='ocrx_word' id='word_1_90' title='bbox 806 1334 909 1385; x_wconf 62' lang='lat' dir='ltr'>aficm</span> <span class='ocrx_word' id='word_1_91' title='bbox 941 1347 1041 1374; x_wconf 83' lang='lat' dir='ltr'>ante-</span> 
     </span>
     <span class='ocr_line' id='line_1_17' title="bbox 373 1390 1041 1442; baseline -0.003 -13"><span class='ocrx_word' id='word_1_92' title='bbox 373 1390 442 1430; x_wconf 68' lang='lat' dir='ltr'>hac</span> <span class='ocrx_word' id='word_1_93' title='bbox 468 1393 636 1430; x_wconf 76' lang='lat' dir='ltr'>amicitia</span> <span class='ocrx_word' id='word_1_94' title='bbox 663 1394 759 1442; x_wconf 85' lang='lat' dir='ltr'>mea]</span> <span class='ocrx_word' id='word_1_95' title='bbox 789 1392 934 1442; x_wconf 81' lang='lat' dir='ltr'>Figura</span> <span class='ocrx_word' id='word_1_96' title='bbox 953 1395 1041 1437; x_wconf 71' lang='grc' dir='ltr'><em>ἀξιο-</em></span> 
     </span>
     <span class='ocr_line' id='line_1_18' title="bbox 372 1445 1042 1499; baseline 0.004 -16"><span class='ocrx_word' id='word_1_97' title='bbox 372 1455 502 1496; x_wconf 63' lang='lat' dir='ltr'>vus-elac,</span> <span class='ocrx_word' id='word_1_98' title='bbox 533 1460 604 1499; x_wconf 89' lang='lat' dir='ltr'>per</span> <span class='ocrx_word' id='word_1_99' title='bbox 632 1460 749 1498; x_wconf 87' lang='lat' dir='ltr'>quarn</span> <span class='ocrx_word' id='word_1_100' title='bbox 784 1446 973 1495; x_wconf 82' lang='lat' dir='ltr'>ostendit,</span> <span class='ocrx_word' id='word_1_101' title='bbox 1005 1445 1042 1486; x_wconf 86' lang='lat' dir='ltr'>se</span> 
     </span>
     <span class='ocr_line' id='line_1_19' title="bbox 372 1501 1042 1556; baseline 0.001 -14"><span class='ocrx_word' id='word_1_102' title='bbox 372 1501 543 1543; x_wconf 85' lang='lat' dir='ltr'>fideliter</span> <span class='ocrx_word' id='word_1_103' title='bbox 564 1505 805 1556; x_wconf 76' lang='lat' dir='ltr'>promittere,</span> <span class='ocrx_word' id='word_1_104' title='bbox 829 1503 934 1554; x_wconf 86' lang='lat' dir='ltr'>quod</span> <span class='ocrx_word' id='word_1_105' title='bbox 957 1518 1042 1554; x_wconf 89' lang='lat' dir='ltr'>pro·</span> 
     </span>
     <span class='ocr_line' id='line_1_20' title="bbox 371 1561 1040 1612; baseline -0.001 -14"><span class='ocrx_word' id='word_1_106' title='bbox 371 1561 503 1598; x_wconf 87' lang='lat' dir='ltr'>mittit.</span> <span class='ocrx_word' id='word_1_107' title='bbox 560 1562 662 1612; x_wconf 84' lang='lat' dir='ltr'>Virg.</span> <span class='ocrx_word' id='word_1_108' title='bbox 686 1562 809 1611; x_wconf 83' lang='lat' dir='ltr'>(Aen.</span> <span class='ocrx_word' id='word_1_109' title='bbox 832 1573 899 1605; x_wconf 87' lang='lat'>111,</span> <span class='ocrx_word' id='word_1_110' title='bbox 923 1562 1040 1611; x_wconf 85' lang='lat'><em>602.)</em></span> 
     </span>
     <span class='ocr_line' id='line_1_21' title="bbox 371 1614 1040 1666; baseline 0.001 -13"><span class='ocrx_word' id='word_1_111' title='bbox 371 1638 426 1657; x_wconf 58' lang='grc' dir='ltr'>ς-</span> <span class='ocrx_word' id='word_1_112' title='bbox 454 1616 537 1665; x_wconf 58' lang='lat' dir='ltr'>seio</span> <span class='ocrx_word' id='word_1_113' title='bbox 565 1630 618 1654; x_wconf 85' lang='lat' dir='ltr'>me</span> <span class='ocrx_word' id='word_1_114' title='bbox 646 1615 796 1654; x_wconf 76' lang='lat' dir='ltr'>Danais</span> <span class='ocrx_word' id='word_1_115' title='bbox 829 1629 846 1652; x_wconf 85' lang='lat' dir='ltr'>e</span> <span class='ocrx_word' id='word_1_116' title='bbox 879 1614 1040 1666; x_wconf 70' lang='lat' dir='ltr'>claffi&#39;bus</span> 
     </span>
     <span class='ocr_line' id='line_1_22' title="bbox 370 1670 1041 1721; baseline -0.001 -12"><span class='ocrx_word' id='word_1_117' title='bbox 370 1684 506 1714; x_wconf 82' lang='lat' dir='ltr'>vnum,</span> <span class='ocrx_word' id='word_1_118' title='bbox 541 1674 589 1711; x_wconf 80' lang='lat' dir='ltr'>Et</span> <span class='ocrx_word' id='word_1_119' title='bbox 617 1670 710 1709; x_wconf 82' lang='lat' dir='ltr'>bello</span> <span class='ocrx_word' id='word_1_120' title='bbox 750 1670 884 1709; x_wconf 77' lang='lat' dir='ltr'>Iliacos</span> <span class='ocrx_word' id='word_1_121' title='bbox 903 1671 1041 1721; x_wconf 76' lang='lat' dir='ltr'>fineor</span> 
     </span>
     <span class='ocr_line' id='line_1_23' title="bbox 365 1727 799 1781; baseline 0 -17"><span class='ocrx_word' id='word_1_122' title='bbox 365 1727 507 1781; x_wconf 68' lang='lat' dir='ltr'>pt‘fflsse</span> <span class='ocrx_word' id='word_1_123' title='bbox 527 1740 689 1779; x_wconf 80' lang='lat' dir='ltr'>penates.</span> <span class='ocrx_word' id='word_1_124' title='bbox 750 1728 799 1766; x_wconf 92' lang='lat' dir='ltr'>D.</span> 
     </span>
    </p>

    <p class='ocr_par' dir='ltr' id='par_1_6' title="bbox 372 1779 1040 1946">
     <span class='ocr_line' id='line_1_24' title="bbox 425 1779 1035 1835; baseline -0.005 -12"><span class='ocrx_word' id='word_1_125' title='bbox 425 1784 508 1823; x_wconf 68' lang='lat' dir='ltr'>Scio</span> <span class='ocrx_word' id='word_1_126' title='bbox 538 1796 573 1822; x_wconf 83' lang='lat' dir='ltr'>te</span> <span class='ocrx_word' id='word_1_127' title='bbox 600 1795 676 1821; x_wconf 86' lang='lat' dir='ltr'>non</span> <span class='ocrx_word' id='word_1_128' title='bbox 714 1781 845 1835; x_wconf 76' lang='lat' dir='ltr'>vsicm]</span> <span class='ocrx_word' id='word_1_129' title='bbox 889 1779 962 1822; x_wconf 85' lang='lat' dir='ltr'>Ms.</span> <span class='ocrx_word' id='word_1_130' title='bbox 993 1783 1035 1821; x_wconf 80' lang='lat' dir='ltr'>R.</span> 
     </span>
     <span class='ocr_line' id='line_1_25' title="bbox 372 1837 1040 1889; baseline -0.004 -10"><span class='ocrx_word' id='word_1_131' title='bbox 372 1850 410 1879; x_wconf 84' lang='lat' dir='ltr'>et</span> <span class='ocrx_word' id='word_1_132' title='bbox 455 1843 502 1879; x_wconf 91' lang='lat' dir='ltr'>V.</span> <span class='ocrx_word' id='word_1_133' title='bbox 544 1841 590 1880; x_wconf 94' lang='lat' dir='ltr'>C.</span> <span class='ocrx_word' id='word_1_134' title='bbox 650 1839 734 1877; x_wconf 84' lang='lat' dir='ltr'>Scio</span> <span class='ocrx_word' id='word_1_135' title='bbox 784 1852 819 1877; x_wconf 85' lang='lat' dir='ltr'>te</span> <span class='ocrx_word' id='word_1_136' title='bbox 858 1851 933 1877; x_wconf 81' lang='lat' dir='ltr'>non</span> <span class='ocrx_word' id='word_1_137' title='bbox 977 1837 1040 1889; x_wconf 67' lang='lat' dir='ltr'>‘Isse</span> 
     </span>
     <span class='ocr_line' id='line_1_26' title="bbox 372 1896 583 1946; baseline 0.005 -12"><span class='ocrx_word' id='word_1_138' title='bbox 372 1896 490 1946; x_wconf 70' lang='lat' dir='ltr'>usiam.</span> <span class='ocrx_word' id='word_1_139' title='bbox 545 1899 583 1935; x_wconf 86' lang='lat' dir='ltr'>L.</span> 
     </span>
    </p>

    <p class='ocr_par' dir='ltr' id='par_1_7' title="bbox 357 1946 1040 2171">
     <span class='ocr_line' id='line_1_27' title="bbox 429 1946 1038 2001; baseline -0.002 -11"><span class='ocrx_word' id='word_1_140' title='bbox 429 1951 566 1997; x_wconf 82' lang='lat' dir='ltr'>Multi,</span> <span class='ocrx_word' id='word_1_141' title='bbox 599 1950 683 1990; x_wconf 86' lang='lat' dir='ltr'>Scio</span> <span class='ocrx_word' id='word_1_142' title='bbox 704 1963 738 1989; x_wconf 85' lang='lat' dir='ltr'>te</span> <span class='ocrx_word' id='word_1_143' title='bbox 754 1963 827 1988; x_wconf 85' lang='lat' dir='ltr'>non</span> <span class='ocrx_word' id='word_1_144' title='bbox 846 1949 909 2001; x_wconf 74' lang='lat' dir='ltr'>‹Jse</span> <span class='ocrx_word' id='word_1_145' title='bbox 927 1946 1038 1999; x_wconf 64' lang='lat' dir='ltr'>usiam.</span> 
     </span>
     <span class='ocr_line' id='line_1_28' title="bbox 370 2005 1040 2047; baseline -0.003 0"><span class='ocrx_word' id='word_1_146' title='bbox 370 2007 445 2047; x_wconf 79' lang='lat' dir='ltr'>Sed</span> <span class='ocrx_word' id='word_1_147' title='bbox 478 2008 613 2046; x_wconf 84' lang='lat' dir='ltr'>melius</span> <span class='ocrx_word' id='word_1_148' title='bbox 643 2007 808 2045; x_wconf 83' lang='lat' dir='ltr'>collocat</span> <span class='ocrx_word' id='word_1_149' title='bbox 832 2005 914 2044; x_wconf 84' lang='lat' dir='ltr'>cod.</span> <span class='ocrx_word' id='word_1_150' title='bbox 943 2010 1040 2045; x_wconf 75' lang='lat' dir='ltr'>Aca-</span> 
     </span>
     <span class='ocr_line' id='line_1_29' title="bbox 370 2061 1039 2114; baseline 0 -12"><span class='ocrx_word' id='word_1_151' title='bbox 370 2063 564 2111; x_wconf 75' lang='lat' dir='ltr'>demicus,</span> <span class='ocrx_word' id='word_1_152' title='bbox 606 2062 688 2102; x_wconf 80' lang='lat' dir='ltr'>Scio</span> <span class='ocrx_word' id='word_1_153' title='bbox 731 2063 810 2101; x_wconf 77' lang='grc' dir='ltr'>ηόη</span> <span class='ocrx_word' id='word_1_154' title='bbox 841 2076 876 2101; x_wconf 83' lang='lat' dir='ltr'>te</span> <span class='ocrx_word' id='word_1_155' title='bbox 905 2061 968 2114; x_wconf 82' lang='lat' dir='ltr'>csse</span> <span class='ocrx_word' id='word_1_156' title='bbox 993 2076 1039 2102; x_wconf 86' lang='lat' dir='ltr'>v-</span> 
     </span>
     <span class='ocr_line' id='line_1_30' title="bbox 357 2120 557 2171; baseline 0.02 -16"><span class='ocrx_word' id='word_1_157' title='bbox 357 2120 457 2171; x_wconf 67' lang='lat' dir='ltr'>surm</span> <span class='ocrx_word' id='word_1_158' title='bbox 515 2123 557 2161; x_wconf 81' lang='lat' dir='ltr'>B.</span> 
     </span>
    </p>

    <p class='ocr_par' dir='ltr' id='par_1_8' title="bbox 360 2171 1040 2733">
     <span class='ocr_line' id='line_1_31' title="bbox 422 2171 1040 2230; baseline 0.002 -17"><span class='ocrx_word' id='word_1_159' title='bbox 422 2189 474 2230; x_wconf 79' lang='lat'>43</span> <span class='ocrx_word' id='word_1_160' title='bbox 516 2177 718 2216; x_wconf 76' lang='lat' dir='ltr'>Memorem</span> <span class='ocrx_word' id='word_1_161' title='bbox 746 2188 802 2213; x_wconf 86' lang='lat' dir='ltr'>me</span> <span class='ocrx_word' id='word_1_162' title='bbox 830 2171 943 2219; x_wconf 80' lang='lat' dir='ltr'>dices]</span> <span class='ocrx_word' id='word_1_163' title='bbox 982 2175 1040 2214; x_wconf 82' lang='lat' dir='ltr'>Fi-</span> 
     </span>
     <span class='ocr_line' id='line_1_32' title="bbox 369 2231 1038 2285; baseline 0 -16"><span class='ocrx_word' id='word_1_164' title='bbox 369 2244 506 2285; x_wconf 77' lang='lat' dir='ltr'>gurate</span> <span class='ocrx_word' id='word_1_165' title='bbox 540 2231 594 2270; x_wconf 89' lang='lat' dir='ltr'>est</span> <span class='ocrx_word' id='word_1_166' title='bbox 636 2232 795 2270; x_wconf 66' lang='lat' dir='ltr'>inducta</span> <span class='ocrx_word' id='word_1_167' title='bbox 843 2232 1038 2282; x_wconf 79' lang='lat' dir='ltr'>prornislio</span> 
     </span>
     <span class='ocr_line' id='line_1_33' title="bbox 368 2287 1039 2337; baseline 0.003 -12"><span class='ocrx_word' id='word_1_168' title='bbox 368 2289 639 2337; x_wconf 74' lang='lat' dir='ltr'>praemiorum,</span> <span class='ocrx_word' id='word_1_169' title='bbox 702 2291 748 2327; x_wconf 90' lang='lat' dir='ltr'>Et</span> <span class='ocrx_word' id='word_1_170' title='bbox 771 2287 877 2327; x_wconf 83' lang='lat' dir='ltr'>benc</span> <span class='ocrx_word' id='word_1_171' title='bbox 901 2300 1039 2327; x_wconf 71' lang='lat' dir='ltr'>vti-um-</span> 
     </span>
     <span class='ocr_line' id='line_1_34' title="bbox 367 2346 1037 2393; baseline 0.004 -12"><span class='ocrx_word' id='word_1_172' title='bbox 367 2357 446 2393; x_wconf 84' lang='lat' dir='ltr'>que</span> <span class='ocrx_word' id='word_1_173' title='bbox 476 2354 613 2382; x_wconf 78' lang='lat' dir='ltr'>narrat.</span> <span class='ocrx_word' id='word_1_174' title='bbox 674 2346 773 2384; x_wconf 75' lang='lat' dir='ltr'>Nam</span> <span class='ocrx_word' id='word_1_175' title='bbox 809 2358 888 2382; x_wconf 78' lang='lat' dir='ltr'>non</span> <span class='ocrx_word' id='word_1_176' title='bbox 919 2346 1037 2384; x_wconf 80' lang='lat' dir='ltr'>cunti-</span> 
     </span>
     <span class='ocr_line' id='line_1_35' title="bbox 365 2399 1038 2449; baseline 0.001 -11"><span class='ocrx_word' id='word_1_177' title='bbox 365 2413 447 2438; x_wconf 84' lang='lat' dir='ltr'>nno</span> <span class='ocrx_word' id='word_1_178' title='bbox 471 2401 538 2449; x_wconf 59' lang='lat' dir='ltr'>qui</span> <span class='ocrx_word' id='word_1_179' title='bbox 564 2399 796 2448; x_wconf 75' lang='lat' dir='ltr'>memorcst,</span> <span class='ocrx_word' id='word_1_180' title='bbox 823 2402 940 2439; x_wconf 76' lang='lat' dir='ltr'>etiam</span> <span class='ocrx_word' id='word_1_181' title='bbox 957 2415 1038 2448; x_wconf 60' lang='lat' dir='ltr'>igra-</span> 
     </span>
     <span class='ocr_line' id='line_1_36' title="bbox 369 2455 1035 2508; baseline 0.003 -16"><span class='ocrx_word' id='word_1_182' title='bbox 369 2467 428 2493; x_wconf 81' lang='lat' dir='ltr'>tus</span> <span class='ocrx_word' id='word_1_183' title='bbox 455 2455 517 2492; x_wconf 73' lang='lat' dir='ltr'>ost.</span> <span class='ocrx_word' id='word_1_184' title='bbox 581 2457 729 2494; x_wconf 60' lang='lat' dir='ltr'>Memor</span> <span class='ocrx_word' id='word_1_185' title='bbox 749 2459 857 2495; x_wconf 77' lang='lat' dir='ltr'>enirn</span> <span class='ocrx_word' id='word_1_186' title='bbox 883 2456 945 2502; x_wconf 71' lang='lat' dir='ltr'>ost,</span> <span class='ocrx_word' id='word_1_187' title='bbox 971 2457 1035 2508; x_wconf 84' lang='lat' dir='ltr'>qui</span> 
     </span>
     <span class='ocr_line' id='line_1_37' title="bbox 365 2509 1037 2563; baseline 0 -13"><span class='ocrx_word' id='word_1_188' title='bbox 365 2511 464 2560; x_wconf 81' lang='lat' dir='ltr'>apud</span> <span class='ocrx_word' id='word_1_189' title='bbox 490 2509 524 2550; x_wconf 78' lang='lat' dir='ltr'>sc</span> <span class='ocrx_word' id='word_1_190' title='bbox 553 2514 746 2550; x_wconf 76' lang='lat' dir='ltr'>meminis.</span> <span class='ocrx_word' id='word_1_191' title='bbox 813 2513 1037 2563; x_wconf 69' lang='lat' dir='ltr'>(iratusqni</span> 
     </span>
     <span class='ocr_line' id='line_1_38' title="bbox 363 2566 1036 2615; baseline 0.003 -10"><span class='ocrx_word' id='word_1_192' title='bbox 363 2568 507 2605; x_wconf 77' lang='lat' dir='ltr'>meruit</span> <span class='ocrx_word' id='word_1_193' title='bbox 551 2566 621 2604; x_wconf 77' lang='lat' dir='ltr'>lwc</span> <span class='ocrx_word' id='word_1_194' title='bbox 676 2566 844 2606; x_wconf 72' lang='lat' dir='ltr'>nomine</span> <span class='ocrx_word' id='word_1_195' title='bbox 897 2570 1036 2615; x_wconf 76' lang='lat' dir='ltr'>vocari,</span> 
     </span>
     <span class='ocr_line' id='line_1_39' title="bbox 361 2623 1035 2664; baseline 0.001 -3"><span class='ocrx_word' id='word_1_196' title='bbox 361 2623 454 2661; x_wconf 80' lang='lat' dir='ltr'>dum</span> <span class='ocrx_word' id='word_1_197' title='bbox 477 2624 601 2661; x_wconf 67' lang='lat' dir='ltr'>viceni</span> <span class='ocrx_word' id='word_1_198' title='bbox 625 2623 766 2662; x_wconf 77' lang='lat' dir='ltr'>reddit.</span> <span class='ocrx_word' id='word_1_199' title='bbox 831 2626 1035 2664; x_wconf 58' lang='lat' dir='ltr'>&amp;ammul-</span> 
     </span>
     <span class='ocr_line' id='line_1_40' title="bbox 360 2677 1037 2733; baseline 0.003 -16"><span class='ocrx_word' id='word_1_200' title='bbox 360 2678 387 2717; x_wconf 63' lang='grc' dir='ltr'>τί</span> <span class='ocrx_word' id='word_1_201' title='bbox 427 2677 511 2718; x_wconf 87' lang='lat' dir='ltr'>sunt</span> <span class='ocrx_word' id='word_1_202' title='bbox 548 2691 768 2726; x_wconf 84' lang='lat' dir='ltr'>memores,</span> <span class='ocrx_word' id='word_1_203' title='bbox 810 2681 957 2733; x_wconf 75' lang='lat' dir='ltr'>ingrati</span> <span class='ocrx_word' id='word_1_204' title='bbox 986 2692 1037 2719; x_wconf 80' lang='lat' dir='ltr'>ta-</span> 
     </span>
    </p>
   </div>
   <div class='ocr_carea' id='block_1_4' title="bbox 1515 704 1754 776">
    <p class='ocr_par' dir='ltr' id='par_1_9' title="bbox 1515 704 1754 776">
     <span class='ocr_line' id='line_1_41' title="bbox 1515 704 1754 776; baseline 0.004 -28"><span class='ocrx_word' id='word_1_205' title='bbox 1515 704 1754 776; x_wconf 61' lang='lat' dir='ltr'>Acssfvs</span> 
     </span>
    </p>
   </div>
   <div class='ocr_carea' id='block_1_5' title="bbox 1086 824 1756 2675">
    <p class='ocr_par' dir='ltr' id='par_1_10' title="bbox 1093 824 1755 1037">
     <span class='ocr_line' id='line_1_42' title="bbox 1095 824 1754 880; baseline -0.008 -12"><span class='ocrx_word' id='word_1_206' title='bbox 1095 841 1200 868; x_wconf 87' lang='lat' dir='ltr'>men.</span> <span class='ocrx_word' id='word_1_207' title='bbox 1258 824 1390 868; x_wconf 73' lang='lat' dir='ltr'>Sedulo</span> <span class='ocrx_word' id='word_1_208' title='bbox 1406 824 1570 880; x_wconf 77' lang='lat' dir='ltr'>fhciam]</span> <span class='ocrx_word' id='word_1_209' title='bbox 1597 825 1656 865; x_wconf 88' lang='lat' dir='ltr'>Sic</span> <span class='ocrx_word' id='word_1_210' title='bbox 1668 837 1754 877; x_wconf 88' lang='lat' dir='ltr'>pro-</span> 
     </span>
     <span class='ocr_line' id='line_1_43' title="bbox 1093 877 1755 930; baseline -0.003 -6"><span class='ocrx_word' id='word_1_211' title='bbox 1093 885 1220 930; x_wconf 83' lang='lat' dir='ltr'>mittit,</span> <span class='ocrx_word' id='word_1_212' title='bbox 1239 895 1277 922; x_wconf 86' lang='lat' dir='ltr'>vt</span> <span class='ocrx_word' id='word_1_213' title='bbox 1297 882 1394 922; x_wconf 85' lang='lat' dir='ltr'>nihil</span> <span class='ocrx_word' id='word_1_214' title='bbox 1415 877 1666 921; x_wconf 78' lang='lat' dir='ltr'>suainterefl&#39;e</span> <span class='ocrx_word' id='word_1_215' title='bbox 1677 894 1755 922; x_wconf 82' lang='lat' dir='ltr'>cre·</span> 
     </span>
     <span class='ocr_line' id='line_1_44' title="bbox 1094 936 1752 990; baseline -0.006 -10"><span class='ocrx_word' id='word_1_216' title='bbox 1094 942 1216 980; x_wconf 77' lang='lat' dir='ltr'>datur.</span> <span class='ocrx_word' id='word_1_217' title='bbox 1272 940 1420 990; x_wconf 77' lang='lat' dir='ltr'>Sedulo]</span> <span class='ocrx_word' id='word_1_218' title='bbox 1458 941 1523 981; x_wconf 87' lang='lat' dir='ltr'>De</span> <span class='ocrx_word' id='word_1_219' title='bbox 1553 936 1752 989; x_wconf 74' lang='lat' dir='ltr'>industria,</span> 
     </span>
     <span class='ocr_line' id='line_1_45' title="bbox 1094 996 1671 1037; baseline -0.007 0"><span class='ocrx_word' id='word_1_220' title='bbox 1094 997 1173 1037; x_wconf 83' lang='lat' dir='ltr'>fine</span> <span class='ocrx_word' id='word_1_221' title='bbox 1194 996 1296 1035; x_wconf 83' lang='lat' dir='ltr'>dolo.</span> <span class='ocrx_word' id='word_1_222' title='bbox 1352 998 1404 1035; x_wconf 94' lang='lat' dir='ltr'>D.</span> <span class='ocrx_word' id='word_1_223' title='bbox 1669 1003 1671 1005; x_wconf 84' lang='grc'><em>“</em></span> 
     </span>
    </p>

    <p class='ocr_par' dir='ltr' id='par_1_11' title="bbox 1094 1049 1755 1219">
     <span class='ocr_line' id='line_1_46' title="bbox 1152 1049 1753 1105; baseline -0.007 -13"><span class='ocrx_word' id='word_1_224' title='bbox 1152 1053 1280 1093; x_wconf 85' lang='lat' dir='ltr'>Sedulo</span> <span class='ocrx_word' id='word_1_225' title='bbox 1311 1050 1474 1105; x_wconf 86' lang='lat' dir='ltr'>faciam]</span> <span class='ocrx_word' id='word_1_226' title='bbox 1511 1050 1606 1090; x_wconf 84' lang='lat' dir='ltr'>Sine</span> <span class='ocrx_word' id='word_1_227' title='bbox 1637 1049 1753 1089; x_wconf 90' lang='lat' dir='ltr'>dolo:</span> 
     </span>
     <span class='ocr_line' id='line_1_47' title="bbox 1094 1106 1755 1150; baseline -0.006 -1"><span class='ocrx_word' id='word_1_228' title='bbox 1094 1109 1307 1150; x_wconf 84' lang='lat' dir='ltr'>mendaciis</span> <span class='ocrx_word' id='word_1_229' title='bbox 1326 1109 1456 1148; x_wconf 80' lang='lat' dir='ltr'>volens</span> <span class='ocrx_word' id='word_1_230' title='bbox 1476 1108 1665 1146; x_wconf 82' lang='lat' dir='ltr'>lenonem</span> <span class='ocrx_word' id='word_1_231' title='bbox 1689 1106 1755 1145; x_wconf 80' lang='lat' dir='ltr'>de·</span> 
     </span>
     <span class='ocr_line' id='line_1_48' title="bbox 1094 1169 1339 1219; baseline -0.008 -13"><span class='ocrx_word' id='word_1_232' title='bbox 1094 1169 1236 1219; x_wconf 85' lang='lat' dir='ltr'>cipere.</span> <span class='ocrx_word' id='word_1_233' title='bbox 1295 1169 1339 1206; x_wconf 91' lang='lat' dir='ltr'>E.</span> 
     </span>
    </p>

    <p class='ocr_par' dir='ltr' id='par_1_12' title="bbox 1089 1218 1756 1877">
     <span class='ocr_line' id='line_1_49' title="bbox 1139 1218 1754 1276; baseline -0.008 -15"><span class='ocrx_word' id='word_1_234' title='bbox 1139 1236 1202 1276; x_wconf 29' lang='lat'>‘44</span> <span class='ocrx_word' id='word_1_235' title='bbox 1241 1221 1315 1261; x_wconf 73' lang='lat' dir='ltr'>Sed</span> <span class='ocrx_word' id='word_1_236' title='bbox 1348 1218 1594 1273; x_wconf 72' lang='lat' dir='ltr'>Ctefi&#39;phoncm</span> <span class='ocrx_word' id='word_1_237' title='bbox 1625 1218 1754 1273; x_wconf 80' lang='lat' dir='ltr'>video]</span> 
     </span>
     <span class='ocr_line' id='line_1_50' title="bbox 1092 1274 1754 1327; baseline -0.009 -8"><span class='ocrx_word' id='word_1_238' title='bbox 1092 1279 1302 1319; x_wconf 88' lang='lat' dir='ltr'>Aduentus</span> <span class='ocrx_word' id='word_1_239' title='bbox 1328 1279 1370 1319; x_wconf 88' lang='lat' dir='ltr'>in</span> <span class='ocrx_word' id='word_1_240' title='bbox 1388 1274 1635 1317; x_wconf 76' lang='lat' dir='ltr'>proscenium</span> <span class='ocrx_word' id='word_1_241' title='bbox 1669 1285 1754 1327; x_wconf 85' lang='lat' dir='ltr'>per·</span> 
     </span>
     <span class='ocr_line' id='line_1_51' title="bbox 1091 1329 1754 1386; baseline -0.006 -12"><span class='ocrx_word' id='word_1_242' title='bbox 1091 1332 1268 1375; x_wconf 88' lang='lat' dir='ltr'>sonarum</span> <span class='ocrx_word' id='word_1_243' title='bbox 1295 1348 1412 1386; x_wconf 89' lang='lat' dir='ltr'>quum</span> <span class='ocrx_word' id='word_1_244' title='bbox 1433 1329 1611 1371; x_wconf 83' lang='lat' dir='ltr'>consulto</span> <span class='ocrx_word' id='word_1_245' title='bbox 1633 1331 1754 1376; x_wconf 84' lang='lat' dir='ltr'>conli-</span> 
     </span>
     <span class='ocr_line' id='line_1_52' title="bbox 1092 1390 1754 1444; baseline -0.003 -15"><span class='ocrx_word' id='word_1_246' title='bbox 1092 1393 1148 1441; x_wconf 70' lang='lat' dir='ltr'>lio</span> <span class='ocrx_word' id='word_1_247' title='bbox 1173 1390 1372 1444; x_wconf 81' lang='lat' dir='ltr'>fingantur</span> <span class='ocrx_word' id='word_1_248' title='bbox 1389 1404 1410 1429; x_wconf 91' lang='lat' dir='ltr'>a</span> <span class='ocrx_word' id='word_1_249' title='bbox 1422 1392 1551 1433; x_wconf 65' lang='lat' dir='ltr'>Poeta,</span> <span class='ocrx_word' id='word_1_250' title='bbox 1567 1399 1754 1439; x_wconf 85' lang='lat' dir='ltr'>tanquam</span> 
     </span>
     <span class='ocr_line' id='line_1_53' title="bbox 1090 1444 1756 1499; baseline -0.008 -13"><span class='ocrx_word' id='word_1_251' title='bbox 1090 1446 1371 1499; x_wconf 85' lang='lat' dir='ltr'>superueniant</span> <span class='ocrx_word' id='word_1_252' title='bbox 1391 1446 1476 1485; x_wconf 90' lang='lat' dir='ltr'>aliis</span> <span class='ocrx_word' id='word_1_253' title='bbox 1490 1444 1602 1484; x_wconf 88' lang='lat' dir='ltr'>rebus</span> <span class='ocrx_word' id='word_1_254' title='bbox 1620 1444 1661 1482; x_wconf 90' lang='lat' dir='ltr'>in</span> <span class='ocrx_word' id='word_1_255' title='bbox 1675 1456 1756 1482; x_wconf 86' lang='lat' dir='ltr'>me-</span> 
     </span>
     <span class='ocr_line' id='line_1_54' title="bbox 1091 1498 1755 1555; baseline -0.009 -12"><span class='ocrx_word' id='word_1_256' title='bbox 1091 1504 1158 1543; x_wconf 91' lang='lat' dir='ltr'>dio</span> <span class='ocrx_word' id='word_1_257' title='bbox 1179 1503 1318 1555; x_wconf 55' lang='lat' dir='ltr'>polim,</span> <span class='ocrx_word' id='word_1_258' title='bbox 1343 1515 1442 1554; x_wconf 88' lang='lat' dir='ltr'>quae</span> <span class='ocrx_word' id='word_1_259' title='bbox 1460 1498 1623 1554; x_wconf 73' lang='lat' dir='ltr'>ipsarum</span> <span class='ocrx_word' id='word_1_260' title='bbox 1638 1501 1755 1539; x_wconf 86' lang='lat' dir='ltr'>inrer-</span> 
     </span>
     <span class='ocr_line' id='line_1_55' title="bbox 1092 1558 1752 1605; baseline -0.006 -7"><span class='ocrx_word' id='word_1_261' title='bbox 1092 1572 1213 1599; x_wconf 86' lang='lat' dir='ltr'>uentu</span> <span class='ocrx_word' id='word_1_262' title='bbox 1237 1558 1430 1598; x_wconf 68' lang='lat' dir='ltr'>finiantur.</span> <span class='ocrx_word' id='word_1_263' title='bbox 1489 1559 1593 1597; x_wconf 84' lang='lat' dir='ltr'>Mire</span> <span class='ocrx_word' id='word_1_264' title='bbox 1609 1567 1752 1605; x_wconf 82' lang='lat' dir='ltr'>tamen,</span> 
     </span>
     <span class='ocr_line' id='line_1_56' title="bbox 1092 1612 1754 1667; baseline -0.008 -13"><span class='ocrx_word' id='word_1_265' title='bbox 1092 1615 1194 1666; x_wconf 85' lang='lat' dir='ltr'>quod</span> <span class='ocrx_word' id='word_1_266' title='bbox 1218 1614 1319 1667; x_wconf 72' lang='lat' dir='ltr'>quasi</span> <span class='ocrx_word' id='word_1_267' title='bbox 1333 1628 1378 1654; x_wconf 77' lang='lat' dir='ltr'>ex</span> <span class='ocrx_word' id='word_1_268' title='bbox 1389 1624 1620 1667; x_wconf 78' lang='lat' dir='ltr'>argumento</span> <span class='ocrx_word' id='word_1_269' title='bbox 1640 1612 1692 1658; x_wconf 82' lang='lat' dir='ltr'>lit,</span> <span class='ocrx_word' id='word_1_270' title='bbox 1714 1622 1754 1650; x_wconf 84' lang='lat' dir='ltr'>vt</span> 
     </span>
     <span class='ocr_line' id='line_1_57' title="bbox 1091 1668 1755 1718; baseline -0.006 -8"><span class='ocrx_word' id='word_1_271' title='bbox 1091 1672 1210 1710; x_wconf 83' lang='lat' dir='ltr'>futuri</span> <span class='ocrx_word' id='word_1_272' title='bbox 1233 1672 1332 1710; x_wconf 50' lang='lat' dir='ltr'>aelus</span> <span class='ocrx_word' id='word_1_273' title='bbox 1357 1668 1423 1717; x_wconf 89' lang='lat' dir='ltr'>sui,</span> <span class='ocrx_word' id='word_1_274' title='bbox 1451 1679 1543 1708; x_wconf 86' lang='lat' dir='ltr'>ante</span> <span class='ocrx_word' id='word_1_275' title='bbox 1561 1681 1675 1718; x_wconf 81' lang='lat' dir='ltr'>quam</span> <span class='ocrx_word' id='word_1_276' title='bbox 1699 1668 1755 1706; x_wconf 90' lang='lat' dir='ltr'>lo·</span> 
     </span>
     <span class='ocr_line' id='line_1_58' title="bbox 1092 1722 1750 1777; baseline -0.002 -14"><span class='ocrx_word' id='word_1_277' title='bbox 1092 1728 1158 1777; x_wconf 82' lang='lat' dir='ltr'>qui</span> <span class='ocrx_word' id='word_1_278' title='bbox 1206 1727 1398 1776; x_wconf 83' lang='lat' dir='ltr'>incipiant</span> <span class='ocrx_word' id='word_1_279' title='bbox 1415 1754 1425 1773; x_wconf 92' lang='lat'>‚</span> <span class='ocrx_word' id='word_1_280' title='bbox 1475 1722 1750 1763; x_wconf 80' lang='lat' dir='ltr'>describantur.</span> 
     </span>
     <span class='ocr_line' id='line_1_59' title="bbox 1089 1781 1755 1832; baseline -0.003 -11"><span class='ocrx_word' id='word_1_281' title='bbox 1089 1783 1226 1821; x_wconf 82' lang='lat' dir='ltr'>Laetus</span> <span class='ocrx_word' id='word_1_282' title='bbox 1253 1781 1300 1831; x_wconf 79' lang='lat' dir='ltr'>est</span> <span class='ocrx_word' id='word_1_283' title='bbox 1327 1781 1370 1819; x_wconf 68' lang='lat' dir='ltr'>de</span> <span class='ocrx_word' id='word_1_284' title='bbox 1390 1783 1524 1832; x_wconf 83' lang='lat' dir='ltr'>amica]</span> <span class='ocrx_word' id='word_1_285' title='bbox 1556 1783 1641 1820; x_wconf 81' lang='lat' dir='ltr'>Hoc</span> <span class='ocrx_word' id='word_1_286' title='bbox 1670 1781 1755 1819; x_wconf 86' lang='lat' dir='ltr'>len·</span> 
     </span>
     <span class='ocr_line' id='line_1_60' title="bbox 1091 1834 1553 1877; baseline -0.002 0"><span class='ocrx_word' id='word_1_287' title='bbox 1091 1839 1166 1877; x_wconf 70' lang='lat' dir='ltr'>tius</span> <span class='ocrx_word' id='word_1_288' title='bbox 1188 1849 1229 1877; x_wconf 86' lang='lat' dir='ltr'>et</span> <span class='ocrx_word' id='word_1_289' title='bbox 1247 1834 1452 1876; x_wconf 81' lang='lat' dir='ltr'>summisse.</span> <span class='ocrx_word' id='word_1_290' title='bbox 1505 1838 1553 1876; x_wconf 80' lang='lat' dir='ltr'>D.</span> 
     </span>
    </p>

    <p class='ocr_par' dir='ltr' id='par_1_13' title="bbox 1086 1891 1754 2675">
     <span class='ocr_line' id='line_1_61' title="bbox 1141 1891 1754 1949; baseline -0.003 -17"><span class='ocrx_word' id='word_1_291' title='bbox 1141 1907 1193 1946; x_wconf 84' lang='lat'>45</span> <span class='ocrx_word' id='word_1_292' title='bbox 1225 1894 1346 1949; x_wconf 70' lang='lat' dir='ltr'>Qid,</span> <span class='ocrx_word' id='word_1_293' title='bbox 1366 1893 1467 1945; x_wconf 82' lang='lat' dir='ltr'>quod</span> <span class='ocrx_word' id='word_1_294' title='bbox 1487 1905 1524 1932; x_wconf 84' lang='lat' dir='ltr'>te</span> <span class='ocrx_word' id='word_1_295' title='bbox 1536 1891 1656 1945; x_wconf 83' lang='lat' dir='ltr'>oro?]</span> <span class='ocrx_word' id='word_1_296' title='bbox 1676 1893 1754 1932; x_wconf 86' lang='lat' dir='ltr'>De-</span> 
     </span>
     <span class='ocr_line' id='line_1_62' title="bbox 1089 1947 1750 2006; baseline -0.003 -17"><span class='ocrx_word' id='word_1_297' title='bbox 1089 1949 1143 1989; x_wconf 87' lang='lat' dir='ltr'>est</span> <span class='ocrx_word' id='word_1_298' title='bbox 1162 1953 1243 2006; x_wconf 81' lang='lat' dir='ltr'>agis</span> <span class='ocrx_word' id='word_1_299' title='bbox 1263 1950 1328 1991; x_wconf 82' lang='lat' dir='ltr'>seu</span> <span class='ocrx_word' id='word_1_300' title='bbox 1357 1947 1464 1989; x_wconf 81' lang='lat' dir='ltr'>deest</span> <span class='ocrx_word' id='word_1_301' title='bbox 1494 1962 1558 2003; x_wconf 81' lang='lat' dir='ltr'>ego</span> <span class='ocrx_word' id='word_1_302' title='bbox 1580 1947 1649 1999; x_wconf 81' lang='lat' dir='ltr'>(est</span> <span class='ocrx_word' id='word_1_303' title='bbox 1675 1949 1750 1999; x_wconf 69' lang='lat' dir='ltr'>Z).</span> 
     </span>
     <span class='ocr_line' id='line_1_63' title="bbox 1088 2003 1754 2063; baseline -0.002 -20"><span class='ocrx_word' id='word_1_304' title='bbox 1088 2008 1208 2063; x_wconf 64' lang='lat' dir='ltr'>Qeod</span> <span class='ocrx_word' id='word_1_305' title='bbox 1226 2020 1259 2045; x_wconf 80' lang='lat' dir='ltr'>te</span> <span class='ocrx_word' id='word_1_306' title='bbox 1278 2019 1354 2044; x_wconf 85' lang='lat' dir='ltr'>oro.</span> <span class='ocrx_word' id='word_1_307' title='bbox 1412 2009 1491 2045; x_wconf 81' lang='lat' dir='ltr'>Aut</span> <span class='ocrx_word' id='word_1_308' title='bbox 1509 2003 1552 2056; x_wconf 78' lang='lat' dir='ltr'><em>fi</em></span> <span class='ocrx_word' id='word_1_309' title='bbox 1569 2003 1666 2056; x_wconf 72' lang='lat' dir='ltr'>quid,</span> <span class='ocrx_word' id='word_1_310' title='bbox 1688 2013 1754 2043; x_wconf 81' lang='lat' dir='ltr'>aut</span> 
     </span>
     <span class='ocr_line' id='line_1_64' title="bbox 1086 2059 1750 2116; baseline -0.002 -16"><span class='ocrx_word' id='word_1_311' title='bbox 1086 2075 1242 2116; x_wconf 81' lang='lat' dir='ltr'>propter</span> <span class='ocrx_word' id='word_1_312' title='bbox 1261 2061 1377 2115; x_wconf 78' lang='lat' dir='ltr'>quod,</span> <span class='ocrx_word' id='word_1_313' title='bbox 1402 2059 1750 2111; x_wconf 74' lang='lat' dir='ltr'>subintelligimus:</span> 
     </span>
     <span class='ocr_line' id='line_1_65' title="bbox 1089 2113 1753 2169; baseline -0.006 -11"><span class='ocrx_word' id='word_1_314' title='bbox 1089 2132 1128 2158; x_wconf 85' lang='lat' dir='ltr'>vt</span> <span class='ocrx_word' id='word_1_315' title='bbox 1154 2118 1217 2162; x_wconf 78' lang='lat' dir='ltr'>fit,</span> <span class='ocrx_word' id='word_1_316' title='bbox 1246 2117 1356 2169; x_wconf 84' lang='lat' dir='ltr'>Quid</span> <span class='ocrx_word' id='word_1_317' title='bbox 1381 2116 1477 2156; x_wconf 85' lang='lat' dir='ltr'>mihi</span> <span class='ocrx_word' id='word_1_318' title='bbox 1496 2128 1578 2155; x_wconf 88' lang='lat' dir='ltr'>non</span> <span class='ocrx_word' id='word_1_319' title='bbox 1598 2113 1753 2166; x_wconf 84' lang='lat' dir='ltr'>respon-</span> 
     </span>
     <span class='ocr_line' id='line_1_66' title="bbox 1090 2172 1751 2225; baseline -0.008 -11"><span class='ocrx_word' id='word_1_320' title='bbox 1090 2175 1158 2214; x_wconf 85' lang='lat' dir='ltr'>des</span> <span class='ocrx_word' id='word_1_321' title='bbox 1178 2175 1227 2213; x_wconf 85' lang='lat' dir='ltr'>de</span> <span class='ocrx_word' id='word_1_322' title='bbox 1239 2188 1300 2222; x_wconf 83' lang='lat' dir='ltr'>co,</span> <span class='ocrx_word' id='word_1_323' title='bbox 1321 2172 1598 2225; x_wconf 79' lang='lat' dir='ltr'>propterquod</span> <span class='ocrx_word' id='word_1_324' title='bbox 1613 2183 1650 2209; x_wconf 87' lang='lat' dir='ltr'>te</span> <span class='ocrx_word' id='word_1_325' title='bbox 1661 2185 1751 2210; x_wconf 91' lang='lat' dir='ltr'>oro:</span> 
     </span>
     <span class='ocr_line' id='line_1_67' title="bbox 1089 2227 1750 2280; baseline -0.009 -10"><span class='ocrx_word' id='word_1_326' title='bbox 1089 2244 1154 2271; x_wconf 80' lang='lat' dir='ltr'>aut</span> <span class='ocrx_word' id='word_1_327' title='bbox 1189 2231 1212 2270; x_wconf 78' lang='lat' dir='ltr'>ss</span> <span class='ocrx_word' id='word_1_328' title='bbox 1245 2230 1337 2280; x_wconf 84' lang='lat' dir='ltr'>quid</span> <span class='ocrx_word' id='word_1_329' title='bbox 1365 2241 1403 2270; x_wconf 92' lang='lat' dir='ltr'>te</span> <span class='ocrx_word' id='word_1_330' title='bbox 1434 2227 1536 2270; x_wconf 71' lang='lat' dir='ltr'>oro?</span> <span class='ocrx_word' id='word_1_331' title='bbox 1565 2231 1611 2267; x_wconf 89' lang='lat' dir='ltr'>Et</span> <span class='ocrx_word' id='word_1_332' title='bbox 1633 2241 1750 2279; x_wconf 81' lang='lat' dir='ltr'>quam</span> 
     </span>
     <span class='ocr_line' id='line_1_68' title="bbox 1089 2282 1752 2327; baseline -0.012 0"><span class='ocrx_word' id='word_1_333' title='bbox 1089 2287 1196 2327; x_wconf 89' lang='lat' dir='ltr'>bene</span> <span class='ocrx_word' id='word_1_334' title='bbox 1225 2284 1457 2327; x_wconf 82' lang='lat' dir='ltr'>fastidiosum</span> <span class='ocrx_word' id='word_1_335' title='bbox 1487 2284 1672 2323; x_wconf 84' lang='lat' dir='ltr'>lenonem</span> <span class='ocrx_word' id='word_1_336' title='bbox 1693 2282 1752 2322; x_wconf 81' lang='lat' dir='ltr'>fa-</span> 
     </span>
     <span class='ocr_line' id='line_1_69' title="bbox 1088 2337 1752 2396; baseline -0.006 -14"><span class='ocrx_word' id='word_1_337' title='bbox 1088 2345 1141 2383; x_wconf 81' lang='lat' dir='ltr'>eit</span> <span class='ocrx_word' id='word_1_338' title='bbox 1158 2346 1285 2396; x_wconf 81' lang='lat' dir='ltr'>Syrus,</span> <span class='ocrx_word' id='word_1_339' title='bbox 1307 2354 1345 2381; x_wconf 72' lang='lat' dir='ltr'>vt</span> <span class='ocrx_word' id='word_1_340' title='bbox 1365 2352 1502 2391; x_wconf 77' lang='lat' dir='ltr'>optans</span> <span class='ocrx_word' id='word_1_341' title='bbox 1529 2341 1594 2378; x_wconf 84' lang='lat' dir='ltr'>ille</span> <span class='ocrx_word' id='word_1_342' title='bbox 1615 2337 1752 2391; x_wconf 86' lang='lat' dir='ltr'>despe-</span> 
     </span>
     <span class='ocr_line' id='line_1_70' title="bbox 1088 2396 1748 2450; baseline -0.006 -11"><span class='ocrx_word' id='word_1_343' title='bbox 1088 2401 1210 2439; x_wconf 79' lang='lat' dir='ltr'>rando</span> <span class='ocrx_word' id='word_1_344' title='bbox 1246 2399 1384 2450; x_wconf 64' lang='lat' dir='ltr'>viginti</span> <span class='ocrx_word' id='word_1_345' title='bbox 1418 2396 1541 2435; x_wconf 83' lang='lat' dir='ltr'>minas</span> <span class='ocrx_word' id='word_1_346' title='bbox 1572 2396 1748 2447; x_wconf 83' lang='lat' dir='ltr'>accipiat.</span> 
     </span>
     <span class='ocr_line' id='line_1_71' title="bbox 1088 2451 1750 2506; baseline -0.006 -11"><span class='ocrx_word' id='word_1_347' title='bbox 1088 2459 1186 2496; x_wconf 79' lang='lat' dir='ltr'>Nam</span> <span class='ocrx_word' id='word_1_348' title='bbox 1222 2469 1259 2494; x_wconf 83' lang='lat' dir='ltr'>et</span> <span class='ocrx_word' id='word_1_349' title='bbox 1291 2454 1397 2506; x_wconf 82' lang='lat' dir='ltr'>supra</span> <span class='ocrx_word' id='word_1_350' title='bbox 1427 2465 1507 2491; x_wconf 86' lang='lat' dir='ltr'>non</span> <span class='ocrx_word' id='word_1_351' title='bbox 1528 2451 1750 2492; x_wconf 79' lang='lat' dir='ltr'>intendenti</span> 
     </span>
     <span class='ocr_line' id='line_1_72' title="bbox 1087 2505 1751 2551; baseline -0.008 -1"><span class='ocrx_word' id='word_1_352' title='bbox 1087 2513 1179 2551; x_wconf 65' lang='lat' dir='ltr'>dit-ir</span> <span class='ocrx_word' id='word_1_353' title='bbox 1205 2513 1347 2549; x_wconf 75' lang='lat' dir='ltr'>totiens</span> <span class='ocrx_word' id='word_1_354' title='bbox 1375 2509 1415 2546; x_wconf 91' lang='lat' dir='ltr'>in</span> <span class='ocrx_word' id='word_1_355' title='bbox 1438 2522 1517 2546; x_wconf 77' lang='lat' dir='ltr'>vno</span> <span class='ocrx_word' id='word_1_356' title='bbox 1549 2505 1656 2548; x_wconf 84' lang='lat' dir='ltr'>sensu</span> <span class='ocrx_word' id='word_1_357' title='bbox 1676 2507 1751 2546; x_wconf 88' lang='lat' dir='ltr'>hoc</span> 
     </span>
     <span class='ocr_line' id='line_1_73' title="bbox 1087 2562 1749 2618; baseline -0.008 -11"><span class='ocrx_word' id='word_1_358' title='bbox 1087 2568 1190 2607; x_wconf 71' lang='lat' dir='ltr'>idern</span> <span class='ocrx_word' id='word_1_359' title='bbox 1213 2571 1328 2618; x_wconf 59' lang='lat' dir='ltr'>Syru&lt;</span> <span class='ocrx_word' id='word_1_360' title='bbox 1361 2565 1410 2605; x_wconf 88' lang='lat' dir='ltr'>de</span> <span class='ocrx_word' id='word_1_361' title='bbox 1429 2564 1561 2604; x_wconf 84' lang='lat' dir='ltr'>amica.</span> <span class='ocrx_word' id='word_1_362' title='bbox 1622 2562 1749 2602; x_wconf 89' lang='lat' dir='ltr'>Potest</span> 
     </span>
     <span class='ocr_line' id='line_1_74' title="bbox 1089 2619 1752 2675; baseline -0.006 -13"><span class='ocrx_word' id='word_1_363' title='bbox 1089 2624 1162 2663; x_wconf 81' lang='lat' dir='ltr'>hoc</span> <span class='ocrx_word' id='word_1_364' title='bbox 1204 2621 1484 2675; x_wconf 72' lang='lat' dir='ltr'>interrogatiue</span> <span class='ocrx_word' id='word_1_365' title='bbox 1516 2619 1752 2673; x_wconf 75' lang='lat' dir='ltr'>pronuncia·</span> 
     </span>
    </p>
   </div>
   <div class='ocr_carea' id='block_1_6' title="bbox 1088 2682 1233 2722">
    <p class='ocr_par' dir='ltr' id='par_1_14' title="bbox 1088 2682 1233 2722">
     <span class='ocr_line' id='line_1_75' title="bbox 1088 2682 1233 2722; baseline -0.007 -1"><span class='ocrx_word' id='word_1_366' title='bbox 1088 2683 1130 2721; x_wconf 82' lang='lat' dir='ltr'>ti.</span> <span class='ocrx_word' id='word_1_367' title='bbox 1184 2682 1233 2722; x_wconf 90' lang='lat' dir='ltr'>D.</span> 
     </span>
    </p>
   </div>
  </div>
 </body>
</html>
