1875 3292
367 212 437 270 46
443 224 474 258 2„

605 435 633 466 ο
655 419 771 466 Geta

781 210 945 259 ACT.
975 210 1034 256 11.
1075 209 1269 258 SCEN.
1298 212 1334 259 Ι.

503 341 719 406 Reuereti
750 338 929 388 saltem?
966 356 1060 403 non
1089 339 1291 407 pudere?
1322 357 1351 390 o
1382 340 1552 390 facinus
1581 342 1748 398 audax!

503 496 734 543 Monitor!
773 487 883 540 GE.
917 494 989 541 vix
1017 492 1212 541 tandem.
1248 491 1358 542 DE.
1393 494 1502 560 quid
1530 495 1642 543 mihi
1679 496 1746 544 di-

607 572 736 619 cent?
771 581 845 618 aut
866 585 999 635 quam
1020 570 1186 617 causam
1214 563 1471 636 reperient?

439 667 466 715 5
506 651 734 698 Demiror.
776 649 877 695 GE.
911 648 1032 710 atqui
1051 648 1200 713 reperi
1222 649 1334 695 iam:
1368 648 1486 696 aliud
1505 666 1622 699 cura.
1646 648 1744 699 DE.

605 740 721 773 anne
744 723 830 772 hoc
856 723 1004 772 dicent
1023 723 1150 779 mihi,

422 927 507 970 Nec
532 940 648 969 meum
681 926 894 983 imperium]
926 926 1032 970 Citat

365 983 476 1027 hunc
493 986 626 1026 locum
644 985 788 1026 Cicero
808 983 876 1024 lib.
895 997 934 1026 2.
951 987 1026 1036 Ep.

368 1054 432 1096 19.
453 1041 502 1082 ad
519 1042 715 1084 Atticum:
743 1040 852 1081 Mihi
868 1041 968 1081 nihil
983 1039 1033 1094 est

364 1098 557 1151 molestius,
586 1111 699 1153 quam
717 1100 883 1140 Statium
905 1111 1029 1157 nfanu-

362 1155 504 1209 missum
528 1162 725 1210 necffmeum
741 1158 944 1208 imperium,
988 1167 1038 1194 at*

363 1215 476 1254 mitto
489 1215 696 1268 imperium,
718 1226 794 1253 non
803 1212 1031 1264 fimultatem

365 1273 530 1311 reuereri
549 1270 714 1322 fidu-m?
745 1282 830 1318 nec,
859 1269 950 1323 quid
964 1270 1031 1321 fiz-

363 1329 473 1373 ciam‚
487 1326 586 1378 flia.
629 1327 757 1368 Etiam
776 1326 909 1366 ambior
927 1322 1031 1366 Glos-

362 1382 452 1426 sarii
478 1383 555 1424 huc
582 1381 773 1437 respexit,
805 1382 895 1422 cuni
913 1383 1029 1423 dicit:

361 1440 576 1490 πρόςαγμοι,
608 1451 858 1495 praeceptum,
886 1451 1031 1494 praece·

358 1501 454 1556 pria,
473 1499 675 1553 imperium.
712 1498 861 1537 Terent.
918 1499 960 1538 L.

416 1555 492 1596 Etsi
543 1567 681 1595 omnes
722 1553 840 1594 nostri
880 1552 1032 1593 habent

360 1614 460 1666 Age;
491 1613 606 1652 lefflo
640 1622 773 1652 tamen
794 1610 1029 1652 Bembiniet

359 1669 599 1714 viiioriani,
629 1681 744 1719 quam
774 1665 858 1719 ipse
887 1668 1030 1708 Cicero

360 1725 478 1766 Attic.
498 1736 546 1773 11,
567 1735 630 1775 ep.
658 1736 722 1775 19-
748 1723 942 1774 expressit,
974 1724 1028 1761 Ac

359 1783 484 1831 mitto,
505 1781 649 1821 melior
666 1776 745 1819 effe
756 1779 923 1818 videtur.
957 1779 999 1817 B.

414 1905 438 1945 3
470 1893 559 1935 Non
585 1891 776 1947 pudereP]
807 1892 893 1930 Hoc
923 1887 1029 1930 abso-

360 1952 484 1992 lutum
516 1950 591 2000 est,
622 1959 664 1989 et
690 1949 787 1991 nulii
817 1946 1028 1994 adnexum„

358 2008 451 2049 Non
466 2008 625 2060 pudere]
657 2007 733 2046 Hic
755 2003 942 2057 Nigidius
962 2003 1028 2042 ad-

359 2065 525 2113 notauit,
546 2065 752 2103 neminem
770 2060 1029 2114 videripude-

358 2136 403 2163 re
423 2131 518 2161 ante
538 2119 733 2161 deliaum.
792 2119 843 2162 D.

416 2247 445 2289 4
486 2236 580 2283 Vix,
610 2231 777 2286 tandem]
819 2229 1027 2272 Conuenit

357 2290 435 2332 hoc
454 2291 598 2330 dicium
620 2291 670 2337 ei,
690 2291 756 2341 qui
776 2288 854 2328 iam
872 2285 1023 2338 pridem

356 2345 400 2388 se
424 2348 527 2388 male
553 2346 689 2387 audire
715 2347 847 2397 putat:
874 2354 913 2384 et
930 2342 1022 2383 ideo

357 2402 443 2445 sero
485 2405 639 2444 videtur
679 2404 729 2442 ad
761 2402 867 2440 hunc
902 2398 1021 2440 senex

354 2458 591 2513 perueniffe,
614 2473 734 2512 quum
747 2459 813 2498 ilie
826 2467 1023 2502 metuens,

355 2515 397 2556 se
435 2519 604 2569 primum
647 2516 696 2555 nd
737 2511 1021 2554 accusationem

357 2575 539 2612 crederet
567 2572 631 2623 (se
647 2576 811 2626 primm-n
839 2571 885 2609 ab
903 2583 945 2607 eo
962 2583 1021 2607 ac·

355 2629 522 2681 casinum
554 2631 608 2667 iri
635 2643 664 2668 c.
710 2632 785 2680 Ἀ).
845 2628 912 2667 An
939 2640 1019 2673 vix,

356 2687 514 2734 tandem,
540 2684 590 2724 ad
611 2685 686 2724 huc
706 2685 896 2737 pertinet,
928 2682 1021 2733 quia

354 2743 426 2784 ine
443 2744 627 2785 Momwr
645 2743 760 2782 dixit:
783 2738 889 2795 quaii
905 2738 1020 2787 dicat,

1626 804 1749 851 Inui·

1079 927 1159 967 Vix
1174 926 1334 967 tandem
1351 925 1497 968 fastum
1517 926 1592 977 est,
1623 937 1663 968 vt
1681 939 1747 970 me

1080 982 1202 1024 senex
1228 981 1388 1025 laudare
1413 981 1622 1037 coepiffet:
1653 985 1746 1037 quia

1080 1042 1284 1089 Monimr,
1315 1043 1494 1092 quamuis
1523 1042 1565 1080 in
1593 1052 1746 1082 contra·

1081 1098 1182 1138 rium
1200 1097 1356 1147 dixerit,
1375 1109 1510 1138 tamen
1529 1097 1583 1139 est
1594 1111 1756 1139 nomen.

1080 1154 1217 1194 laudis.
1276 1156 1356 1196 Vix
1379 1154 1546 1210 tandem]
1578 1161 1742 1204 Εἱρωνεία,

1080 1210 1185 1263 quasi
1217 1210 1339 1260 dicat,
1367 1215 1477 1253 Pene
1498 1213 1576 1251 mei
1597 1211 1742 1253 oblitus

1080 1267 1146 1308 est.
1206 1274 1283 1316 An,
1311 1269 1401 1321 quia
1422 1268 1529 1309 tarde
1549 1268 1598 1308 ad
1616 1266 1765 1321 ipsum·

1079 1325 1261 1378 peruenit
1290 1322 1428 1374 senex,
1458 1338 1575 1376 quem
1603 1326 1670 1366 ille
1692 1325 1752 1367 ob.

1080 1379 1360 1422 conscientiam
1389 1396 1411 1422 a
1447 1380 1485 1423 se
1510 1392 1743 1435 coepturum

1081 1436 1161 1478 efle
1179 1438 1390 1482 credebat?
1441 1440 1556 1496 Qid
1575 1438 1669 1479 mihi
1688 1441 1745 1480 di·

1081 1499 1188 1536 cem?
1213 1509 1280 1536 aut
1303 1508 1412 1549 quam
1440 1493 1585 1548 caufitm
1608 1499 1746 1550 reperi·

1079 1551 1197 1607 ent?]
1231 1551 1341 1604 Quid
1364 1551 1513 1599 dicent,
1542 1552 1568 1593 fi
1594 1566 1743 1608 negare

1081 1610 1298 1648 voluerint:
1325 1621 1443 1661 quam
1466 1607 1613 1648 causam
1625 1622 1747 1662 repe-2,

1077 1667 1193 1710 flent,
1214 1664 1239 1704 fi
1258 1665 1456 1718 purgare?
1487 1667 1620 1705 Omne
1633 1668 1743 1706 enim

1077 1722 1228 1760 crimen
1257 1735 1278 1759 a
1307 1718 1514 1760 defensore
1534 1733 1598 1761 aut
1625 1734 1742 1776 nega·

1078 1787 1150 1824 tur,
1170 1787 1233 1815 aut
1252 1788 1450 1830 purgatur.
1508 1779 1556 1818 D.

1135 1835 1233 1872 Puto
1255 1832 1303 1872 ab
1324 1834 1494 1874 Auitore
1512 1831 1633 1884 suiss'e,
1661 1837 1740 1876 Aut

1078 1890 1176 1942 quid
1213 1888 1341 1940 caufize
1382 1895 1575 1943 reperient.
1631 1893 1746 1934 Vide,

1078 1948 1221 1986 Heaur.
1246 1959 1303 1994 lv,
1324 1958 1361 1998 3,
1382 1957 1449 1999 23.
1504 1950 1543 1987 Β.

1135 2013 1159 2054 ς
1208 2001 1423 2057 Demiror]
1469 2006 1542 2043 Pro
1591 2002 1735 2048 nescio.

1076 2060 1175 2098 Nam
1194 2058 1490 2099 admirationem
1514 2061 1739 2114 ignorantia

1075 2113 1181 2155 facit.
1238 2117 1356 2169 Atqui
1374 2119 1495 2168 reperi
1514 2119 1588 2157 iam
1600 2134 1616 2156 :
1631 2119 1739 2160 allud

1075 2171 1183 2219 cura]
1212 2174 1270 2212 Eo
1289 2173 1423 2212 animo
1443 2172 1519 2212 hoc
1536 2174 1641 2223 dicit,
1656 2189 1738 2227 quo

1074 2225 1185 2280 supra
1195 2227 1291 2267 dixit
1303 2230 1372 2268 vix
1381 2230 1535 2271 tandem.
1558 2233 1605 2271 Et
1615 2245 1737 2284 quum

1072 2285 1142 2325 ille
1176 2285 1376 2337 pluraliter
1402 2286 1604 2339 Reperient
1631 2289 1740 2329 dixe·

1072 2343 1140 2389 rit,
1175 2341 1237 2381 hic
1257 2341 1505 2396 singulariter
1523 2345 1658 2397 Reperi
1676 2359 1737 2385 re·
1797 2344 1813 2354 ⁶

1072 2396 1251 2450 spondit3
1290 2398 1394 2450 quafi
1429 2399 1473 2440 in
1504 2397 1544 2440 se
1573 2399 1654 2442 solo
1691 2401 1734 2444 fit

1071 2457 1235 2494 crimen.
1293 2458 1343 2496 D.

1125 2512 1226 2557 iliud
1246 2511 1319 2561 Ne,
1338 2525 1425 2552 cum
1449 2525 1523 2553 nec
1547 2515 1729 2564 orationi,

1069 2565 1268 2607 necversui
1281 2568 1488 2621 quicquam
1500 2569 1732 2622 profit,re5{e
1741 2594 1750 2609 .»

1070 2623 1174 2665 abest
1200 2625 1240 2663 in
1259 2627 1393 2665 Bemb.
1424 2636 1466 2664 et
1493 2626 1640 2666 ibidem
1666 2639 1731 2666 ex-

1070 2691 1123 2719 tat
1175 2681 1280 2721 reCie
1324 2681 1437 2724 Dicet
1455 2712 1466 2732 ,
1521 2680 1566 2722 sc.
1615 2684 1729 2725 Anti-

1068 2737 1163 2788 pho,
1219 2738 1259 2778 Β.
1316 2774 1319 2777 .

1850 1590 1854 1656 5

1849 1663 1852 1718 ι
