1875 3292
409 173 506 222 226

907 167 1318 217 PROLOGVS*

545 303 696 354 Noua,
714 314 887 348 nouum
908 299 1149 346 interuenit
1168 300 1327 347 vitium
1354 309 1397 347 et
1420 289 1651 358 calami'tasj

545 382 608 427 Vt
629 393 773 439 neque
795 372 990 441 speffiari,
1010 391 1156 438 neque
1177 375 1377 436 cognosci
1397 377 1593 441 potuerit
1605 391 1650 420 ι’·

548 457 615 501 Ita
637 452 833 518 populus
860 450 1001 497 studio
1023 449 1220 515 stupidus
1244 453 1292 497 in
1315 451 1576 512 funambulo
1610 473 1614 475 “

486 548 513 595 5
556 530 770 576 Animum
795 537 1041 593 occuparat·
1062 543 1184 575 nunc
1205 527 1312 574 haec
1329 527 1459 592 plane
1470 526 1530 574 est
1550 542 1635 593 pro
1647 540 1790 574 noua:

551 609 611 654 Et
630 606 664 650 is
688 606 765 669 qui
787 601 947 669 scripsit
965 603 1092 656 hanc,
1116 602 1173 650 ob
1195 619 1291 649 eam
1313 619 1410 650 rem
1423 603 1574 650 ‘noluit

555 684 726 730 Iterum
749 680 930 740 referre,
955 690 1002 728 vt
1023 681 1185 729 iterum
1204 677 1334 746 poffit
1352 679 1559 729 vendere.

422 844 680 896 eningfiuic:
710 854 748 886 et
765 843 820 884 est
843 842 966 899 figura
985 861 1086 897 wgo-

422 911 576 951 νσμασίικ,
598 904 724 951 Noua,
745 914 887 942 nouum.
942 904 992 942 D.

449 965 523 1003 Pro
534 958 695 1000 Fabulae
704 970 855 1010 repone
865 957 1033 998 Fabulai.
1044 960 1086 999 B.

479 1029 507 1059 2
539 1017 680 1057 Vitium
697 1028 732 1054 et
751 1016 955 1070 calamitas]
977 1018 1087 1056 Bene

425 1071 643 1115 secundum
688 1073 866 1124 augures.
941 1072 1087 1112 Vitium

431 1131 539 1172 enim
558 1129 623 1178 est,
656 1127 683 1167 fi
701 1139 814 1167 tonet
831 1136 999 1168 tantum:
1030 1129 1089 1167 vi-

432 1190 526 1229 tium
553 1199 589 1226 et
617 1185 824 1234 calamitas,
858 1183 885 1223 fi
917 1194 1026 1224 tonet
1050 1193 1092 1224 et

433 1242 648 1299 grandinet
667 1241 794 1291 simul,
821 1249 861 1280 et
881 1243 999 1281 etiam
1019 1239 1096 1280 ful-

433 1301 571 1340 minet.
643 1298 783 1338 Vitium
814 1310 848 1336 et
882 1297 1093 1352 calamitas]

435 1354 661 1399 Translatio
687 1354 741 1394 est
764 1353 812 1393 ab
839 1356 1024 1408 augurio:
1056 1364 1097 1394 et

436 1415 535 1454 vitio
567 1413 684 1452 creati
705 1411 888 1450 dicuntur
917 1409 1093 1463 corfiales.

439 1470 647 1512 calamitas·
672 1466 765 1514 παρα.)
785 1466 847 1512 τήν
871 1473 1023 1513 καλάμην
1045 1467 1101 1506 di-

440 1529 556 1566 citur:
596 1525 735 1573 clades,
782 1525 874 1575 quia
917 1526 1102 1564 clamatur

441 1586 550 1636 (quia
578 1586 708 1624 κλάδοις
745 1582 900 1631 datum:
931 1592 968 1619 vt
998 1579 1103 1619 alind

440 1640 485 1679 fit
504 1637 706 1692 grandinis
734 1638 902 1675 culmum
924 1636 1105 1687 frangen-

443 1697 501 1743 tis,
520 1693 625 1733 aliud
645 1692 748 1738 furti,
765 1702 829 1731 aut
850 1692 929 1730 doli
941 1692 1030 1730 mali
1046 1694 1104 1742 (vt

444 1754 487 1791 in
518 1750 611 1791 dolis
636 1750 753 1788 malis.
784 1745 854 1787 Ms.
874 1751 915 1787 B.
946 1757 986 1786 et
1010 1745 1107 1788 Edd.

446 1810 574 1860 vett.).
628 1807 691 1847 Sic
708 1803 865 1844 Probus.
923 1806 972 1844 D.

503 1866 670 1915 Repone
691 1862 816 1910 Noua,
849 1862 882 1900 ei
899 1873 1039 1900 nouum
1056 1862 1111 1900 in-

447 1921 609 1961 zei-uenit
635 1929 704 1960 etc.
763 1920 802 1958 Β.

503 1988 526 2029 3
561 1976 613 2016 Vt
649 1987 766 2027 neque
792 1973 978 2027 spec‘tari]
1013 1973 1110 2014 Vin·-

448 2046 524 2082 um,
543 2031 650 2085 quod
669 2045 750 2071 non
770 2026 932 2083 speclata
950 2030 1022 2070 est:
1044 2031 1112 2070 Ca-

451 2091 612 2134 lamitas‚
625 2087 732 2141 quod
745 2100 823 2126 non
837 2088 1008 2139 cognita.
1060 2087 1112 2127 Vt

452 2160 569 2201 neque
576 2145 761 2198 speclari,
793 2156 904 2197 neque
923 2142 1111 2199 cognosti]

451 2205 553 2246 Mira
579 2200 766 2243 defensio.
803 2200 996 2252 siquidem
1029 2213 1114 2238 non

454 2260 601 2300 iudicio
629 2257 853 2301 Comoedia
881 2257 1013 2296 cxaffla
1043 2256 1110 2304 est,

454 2316 483 2356 fi
502 2314 662 2368 speclari
681 2313 944 2368 cognoscique
954 2326 1036 2352 non
1048 2326 1116 2363 po-

456 2374 592 2412 tuerit:
625 2371 808 2422 placitura
830 2368 984 2418 scilicet,
1004 2368 1030 2407 fi
1052 2384 1116 2408 au·

459 2430 620 2468 dii-etur.
681 2427 1040 2480 thcquespcc‘lari,
1060 2440 1118 2465 ne-

457 2498 528 2538 que
558 2484 744 2539 cognosti]
785 2483 878 2523 ldeo
905 2482 1118 2532 theam-um,

462 2542 553 2580 ideo
575 2539 801 2590 speclatores
828 2541 921 2579 ideo
949 2541 1120 2582 aum-es:

455 2598 550 2649 quia
578 2598 700 2635 maior
727 2609 812 2648 pars
840 2597 884 2637 in
918 2595 1026 2648 gestu
1053 2595 1117 2643 est,

458 2667 577 2705 quam
625 2654 665 2690 in
705 2652 842 2692 verbis.
915 2651 1117 2705 Cognosti]

456 2710 536 2751 'Vel
556 2708 726 2760 probari,
760 2709 819 2746 vel
841 2706 939 2747 sciri:
970 2721 1019 2746 an
1040 2711 1118 2747 He-

453 2779 544 2821 cyra
564 2762 646 2809 scin
665 2764 823 2815 dicatur,
845 2776 946 2816 quae
962 2761 1053 2803 scita
1072 2763 1114 2803 sit

1675 755 1795 802 Alias

1134 843 1303 886 nomine
1328 844 1440 898 (quae
1461 841 1518 896 stt
1545 841 1697 882 omnino
1717 843 1795 895 fita,

1134 899 1207 944 Ms.
1228 901 1328 953 HQ?
1380 904 1430 942 D.

1189 972 1218 1012 4
1256 959 1320 998 Ita
1344 957 1504 1010 populus
1526 954 1653 1010 studio
1680 953 1818 1007 βαρὺ,

1135 1015 1220 1070 clus]
1242 1018 1277 1056 A
1288 1014 1532 1054 deriuatione
1542 1009 1681 1052 causae.
1709 1014 1801 1051 Non

1136 1073 1229 1124 quia
1249 1072 1359 1121 mala,
1387 1071 1529 1122 inquit,
1556 1065 1707 1110 exclusa
1724 1066 1800 1114 est3

1140 1127 1318 1180 sedquia
1329 1128 1497 1181 populus
1510 1124 1728 1166 funambuli
1740 1123 1804 1163 ad·

1140 1185 1348 1226 miratione
1368 1183 1589 1236 obstupuit.-
1609 1180 1804 1233 'quodju-

1141 1240 1202 1282 fra
1231 1240 1282 1281 de
1312 1238 1586 1296 gladiatoribus
1607 1238 1729 1286 dicet,
1756 1235 1806 1276 ad

1143 1299 1491 1339 commutationem
1527 1291 1660 1335 causae
1691 1292 1806 1333 indu-

1149 1354 1328 1395 cendam.
1376 1356 1437 1394 Ita
1444 1352 1602 1406 populus
1604 1350 1731 1404 studio
1730 1348 1810 1402 stu-

1142 1411 1273 1466 pitius]
1307 1410 1385 1451 Hic
1413 1407 1612 1449 excusatur
1628 1417 1668 1447 et
1689 1421 1811 1460 popu·

1147 1470 1221 1516 lus,
1245 1467 1313 1520 qui
1333 1479 1465 1519 neque
1474 1465 1664 1506 iudicauit
1683 1464 1734 1503 de
1744 1468 1813 1505 Fa·

1150 1525 1253 1575 bula,
1271 1534 1404 1575 neque
1425 1533 1556 1563 tamen
1582 1521 1694 1561 stulte
1712 1533 1813 1560 erra·

1154 1583 1226 1621 uit.
1286 1580 1471 1634 Stupidus‚
1491 1592 1564 1631 pro
1581 1577 1751 1627 stupens.
1773 1585 1812 1614 vt

1155 1638 1252 1689 (Ecl.
1275 1649 1335 1685 VI,
1359 1638 1470 1686 20.).
1507 1632 1730 1686 Timidiffiue
1746 1630 1816 1683 fic·

1151 1693 1323 1749 peruenit
1340 1691 1464 1746 Aegle.
1521 1693 1570 1730 D.

1214 1759 1238 1801 5
1269 1749 1346 1788 Pro
1368 1746 1485 1801 noua]
1512 1746 1649 1788 Rene:
1678 1746 1757 1784 iam
1776 1756 1821 1784 e-

1157 1805 1239 1847 nim
1258 1817 1341 1843 non
1361 1802 1416 1843 est
1434 1816 1548 1842 noua.
1604 1804 1655 1841 D.

1217 1862 1242 1903 6
1270 1862 1322 1900 Et
1342 1861 1384 1909 is,
1405 1856 1630 1912 quiftripfi't
1646 1855 1752 1907 hanc,
1772 1855 1819 1896 ob

1159 1931 1236 1958 eam
1261 1917 1355 1971 rem]
1385 1915 1428 1956 Id
1447 1915 1522 1962 est,
1552 1915 1602 1955 ob
1626 1926 1713 1954 eam
1736 1926 1822 1953 cau-

1162 1973 1252 2016 sam.
1282 1971 1386 2025 quasi
1413 1972 1536 2020 dicat,
1566 1985 1648 2012 non
1678 1971 1821 2011 iterum

1163 2033 1243 2073 aua
1269 2029 1323 2069 est
1341 2029 1421 2069 sine
1441 2024 1562 2068 causa.
1622 2029 1704 2069 Cur
1723 2040 1822 2081 ergo

1162 2101 1246 2129 non
1277 2085 1362 2139 post
1392 2084 1664 2125 funambulum
1701 2085 1822 2124 relata

1164 2142 1238 2193 est,
1274 2142 1337 2182 vbi
1365 2143 1432 2181 ille
1460 2139 1639 2185 cess'arat?
1668 2142 1709 2179 in
1743 2154 1822 2192 quo

1163 2201 1301 2242 maluit
1319 2212 1473 2238 auarum
1492 2202 1651 2238 Poetam
1671 2197 1823 2249 populo

1163 2258 1368 2304 inducere,
1396 2268 1511 2307 quam
1537 2252 1604 2293 suo
1621 2255 1733 2305 operi
1752 2251 1823 2292 dis-

1163 2314 1365 2353 fidentem.
1420 2314 1470 2352 D.

1221 2382 1247 2424 7
1277 2371 1418 2409 Iterum
1445 2366 1606 2421 referre]
1637 2367 1827 2418 Supema-

1168 2440 1283 2467 cuum
1310 2424 1364 2463 est
1398 2425 1549 2464 Iterum.
1609 2423 1661 2464 Vt
1689 2426 1825 2463 iterum

1165 2481 1272 2538 poffit
1292 2481 1465 2535 vendere]
1495 2480 1596 2521 Aliis
1621 2476 1826 2519 scilicetlu·

1169 2539 1237 2579 dis.
1269 2537 1362 2585 hoc,
1395 2549 1435 2576 vt
1454 2536 1640 2586 diximus,
1670 2535 1715 2574 ad
1747 2534 1828 2573 lau-

1168 2596 1259 2636 dem
1286 2594 1452 2634 Fabulae
1476 2591 1664 2633 referatur
1695 2591 1828 2643 (refir-

1166 2650 1364 2692 erodd.
1385 2651 1514 2701 vett.):
1535 2646 1734 2699 postquam
1748 2659 1828 2687 tan-

1167 2720 1246 2749 tum
1259 2707 1573 2748 fiduciaePoetae
1583 2703 1702 2744 dedit.
1735 2706 1786 2746 D.

1752 2761 1828 2802 Pro
