1875 3292
439 235 535 286 5¹0

815 219 979 266 ACT.
1014 218 1072 264 11.
1109 218 1309 266 SCEN.
1339 219 1413 265 lv.

477 367 499 402 ι
514 368 538 417 5
575 349 695 397 Mihi
716 365 808 397 non
831 348 1019 400 videtur,
1038 346 1159 411 quod
1182 345 1232 394 fit
1252 344 1418 395 sagium
1440 345 1628 408 legibus,

573 425 774 475 Rescindi
804 420 947 492 posse:
999 434 1042 470 et
1080 435 1211 489 turpe
1252 424 1432 488 inceptu
1444 421 1518 469 est.
1570 421 1619 469 D
1634 434 1677 467 Ε.
1726 421 1809 476 die,

673 503 812 549 Crito.

570 575 619 626 C
636 591 666 624 R
681 591 715 624 1.
752 580 850 638 Ego
870 575 1059 642 amplius
1086 572 1418 622 deliberandum
1439 573 1612 621 censeo:

572 657 660 702 Res
691 669 848 714 magna
885 651 960 700 est.
1001 649 1110 701 HE.

670 727 825 786 fecistis
849 729 990 794 probe
1005 748 1015 774 z

1147 667 1258 697 num
1300 649 1407 714 quid
1445 666 1526 697 nos
1565 649 1662 696 vis?
1700 647 1810 696 DE.

573 807 791 854 Incertior
832 804 926 852 sum
969 803 1137 857 multo,
1177 819 1310 868 quam
1355 800 1540 848 dudum.
1581 796 1709 847 GE.¹
1736 817 1811 852 ne-

671 892 777 943 gant

474 977 538 1010 20
571 954 754 1006 Redisse.
790 953 894 1004 DE.
931 956 1063 1004 frater
1088 953 1147 1002 est
1169 951 1478 1019 exspecslandus
1502 953 1640 1005 mihiz

571 1038 616 1082 Is
649 1031 771 1098 quod
794 1032 905 1080 mihi
935 1032 1104 1079 dederit
1128 1031 1182 1079 de
1213 1031 1293 1078 hac
1314 1047 1362 1078 re
1392 1028 1642 1084 confilium,
1680 1028 1724 1076 id
1753 1028 1810 1076 se-

669 1126 793 1174 quar·

512 1177 529 1195 r
570 1189 884 1235 Percontatum
907 1184 982 1233 ibo
1002 1184 1055 1232 ad
1077 1195 1271 1250 portum,
1299 1182 1444 1247 quoad
1466 1181 1505 1230 se
1525 1184 1718 1248 recipiat.

571 1260 683 1311 GE.
721 1265 781 1308 At
800 1278 884 1322 ego
906 1262 1213 1327 Antiphonem
1240 1275 1469 1324 quaeram3
1505 1270 1552 1307 vt
1583 1275 1693 1324 quae
1716 1255 1809 1306 asta

668 1338 742 1384 hic
766 1335 861 1392 fint‚
884 1336 997 1384 sciat.

476 1434 542 1480 24
573 1415 659 1466 Sed
679 1431 832 1461 eccum
865 1413 1008 1482 ipsum
1037 1413 1166 1464 video
1197 1415 1245 1461 in
1276 1423 1478 1480 tempore
1508 1411 1597 1459 huc
1632 1410 1673 1460 se
1702 1414 1811 1459 reci·

668 1507 793 1558 pere·

497 1742 547 1782 15
586 1728 695 1770 Mihi
739 1742 815 1768 uon
857 1727 1022 1783 videtur]
1061 1732 1098 1770 A

437 1787 619 1840 poffibili.
675 1784 789 1840 Qod
807 1783 858 1836 fit
877 1785 1027 1837 faffum
1052 1787 1099 1825 le-

436 1842 563 1899 gibus]
602 1843 681 1884 Hic
712 1843 789 1880 alio
821 1842 959 1881 ordine
994 1843 1098 1880 locos

436 1897 624 1941 suasoriae
665 1899 819 1951 tetigit:
872 1899 1041 1949 primum
1080 1913 1102 1937 a

438 1955 627 2009 possibili,
661 1951 872 1995 secundum
901 1953 949 1993 ab
980 1952 1101 1994 hone-

436 2013 505 2053 sto.
564 2015 611 2053 D.

501 2072 551 2111 16
583 2070 633 2109 Et
655 2081 758 2120 turpe
778 2071 920 2120 inceptu
939 2066 1003 2121 est]
1034 2067 1097 2107 Ab

439 2123 619 2165 honesto.
708 2126 924 2166 Vtilitatem
966 2134 1098 2163 autem

437 2178 689 2235 praetermth
716 2195 784 2232 per
808 2192 950 2230 artem,
986 2193 1098 2231 quae,

438 2239 503 2279 vbi
539 2251 617 2276 non
642 2238 777 2288 ‘potest
818 2237 926 2290 fieri,
966 2235 1099 2275 frustra

438 2293 637 2348 spefiatnr.
698 2296 743 2333 1).

491 2357 563 2392 Pro
594 2348 744 2403 Inceptu
773 2348 900 2388 Plures
929 2347 1015 2388 libri
1041 2347 1101 2388 In-

440 2420 593 2461 ceptum.
629 2409 824 2445 Vtrumuis
844 2404 977 2457 probe.
1011 2406 1048 2444 Β.

498 2470 542 2509 153
586 2463 654 2501 Res
689 2476 821 2516 magna
857 2460 923 2516 cfl]
977 2459 1100 2501 Causa

438 2520 654 2570 ampliandi
678 2516 915 2557 sententiam.
973 2520 1021 2558 D,

500 2587 546 2624 ¹9
569 2576 849 2625 lucernorsiaem
868 2574 980 2612 multo
992 2586 1100 2627 quam

439 2631 592 2683 dtm'um]
634 2635 686 2669 lix
725 2632 840 2670 nibus
869 2633 974 2669 enim
1006 2643 1099 2669 inus

440 2685 558 2731 suant,
585 2687 680 2725 alter
700 2686 875 2736 diffuaiit,
897 2686 1026 2726 tertius
1045 2688 1099 2727 ni·

438 2741 494 2782 hil
517 2744 624 2782 dixit.
685 2747 733 2785 D.

1572 1582 1812 1628 ACTVS

1203 1727 1394 1768 Incertior
1420 1724 1509 1777 sum
1528 1724 1664 1772 multo,
1700 1736 1807 1776 quam

1147 1785 1302 1838 dudam]
1335 1783 1447 1825 Dida
1466 1785 1614 1821 ratione
1627 1782 1810 1820 incertio-

1149 1855 1229 1881 rem
1252 1839 1288 1879 se
1309 1839 1449 1879 samium
1473 1839 1585 1884 dieit3
1617 1837 1806 1889 liquidem

1150 1896 1256 1937 suaiit
1276 1910 1384 1939 vnus,
1408 1891 1571 1934 dissuasit
1589 1895 1696 1936 alter.
1714 1905 1808 1931 con·

1147 1964 1205 1994 tra
1224 1953 1357 1993 tertius
1383 1951 1478 1990 nihil
1499 1953 1608 1990 dixit.
1665 1953 1706 1989 E.

1203 2021 1251 2051 21
1285 2012 1355 2048 Pro
1377 2007 1553 2060 Exequar
1574 2019 1669 2046 vnus
1694 2019 1716 2044 e
1735 2017 1810 2044 no-

1148 2068 1228 2108 stris
1248 2067 1414 2119 Sequar:
1442 2074 1557 2116 atque
1578 2064 1680 2102 idem
1703 2062 1810 2100 hune

1149 2124 1326 2163 ordinem
1349 2121 1556 2161 verborum
1580 2119 1738 2166 inducit,
1769 2118 1809 2158 Is

1149 2180 1249 2234 quod
1278 2177 1369 2217 mihi
1401 2179 1443 2217 αἰ·
1472 2178 1538 2216 hac
1558 2191 1595 2215 re
1615 2174 1754 2214 dederit
1773 2186 1806 2214 e.

1149 2241 1173 2277 i.
1198 2237 1236 2288 s
1271 2234 1378 2288 quod
1408 2233 1546 2286 placet.
1591 2230 1656 2273 Cf.
1691 2230 1807 2274 Adel,

1148 2307 1214 2342 111,
1243 2304 1279 2345 5,
1300 2303 1364 2345 54.
1427 2292 1465 2328 B.

1205 2362 1255 2390 22
1277 2346 1464 2404 Quantis-²
1475 2344 1647 2399 recipiat]
1671 2345 1808 2394 Quan-

1149 2406 1200 2445 do
1221 2408 1363 2445 redeat.
1421 2406 1465 2443 E.

1202 2475 1252 2513 23
1277 2464 1348 2499 Pro
1361 2459 1462 2507 Sunt,
1477 2458 1657 2497 meliores
1668 2453 1805 2494 Faerni

1149 2528 1189 2557 et
1210 2517 1325 2556 nostri
1349 2515 1444 2563 libri,
1474 2518 1565 2554 Sint.
1625 2515 1663 2552 13.

1205 2587 1258 2627 24
1286 2576 1325 2612 1η
1350 2586 1506 2625 tempore
1530 2571 1596 2608 hnc
1621 2569 1656 2617 [ἑ
1675 2568 1806 2615 recipe-

1149 2632 1203 2680 rt]
1236 2631 1410 2671 Εὐκιιέοως,
1476 2626 1687 2668 δ’ἕιΗιιῖὶίιις,
1719 2623 1808 2660 [Wa-

1148 2687 1472 2740 ximcqucferocia
1489 2684 1584 2737 regis
1599 2678 1806 2718 Mithrida-

1149 2745 1197 2784 κίε
1218 2747 1256 2785 in
1273 2753 1434 2795 tempore
1451 2737 1631 2780 bellaturi.
1687 2737 1735 2775 D.
