1827 3180
606 182 982 245 ῬΗοΚΜιοζ

1366 202 1467 254 475

243 333 380 382 Here,
404 323 537 384 salue3
570 327 730 374 saluom
755 336 799 372 te
819 317 1037 372 aduenisse
1057 319 1240 383 gaudeo.
1263 315 1357 367 DE.
1381 318 1466 383 ho!

241 410 364 455 Bone
385 404 539 456 custos,
575 403 700 455 salue,
724 401 924 449 columen
947 413 1053 446 vero
1075 396 1275 448 familiae,

245 483 329 530 Cui
351 479 655 528 commendaui
676 476 815 524 filium
837 476 942 524 hinc
962 473 1110 521 abiens
1134 487 1296 521 meum.

244 554 294 605 G
312 570 354 602 Ε.
399 561 489 602 lam
513 555 679 602 dudum
701 565 744 601 te
764 553 906 599 omnis
931 566 1011 596 nos
1034 547 1226 595 accusare
1248 544 1378 592 audio

148 635 214 686 60
246 635 487 685 Immerito,
509 642 551 679 et
575 646 646 678 me
669 631 868 678 omnium
889 626 1054 674 horum
1073 619 1416 672 immeritiffimo.

169 857 222 909 56
261 853 380 900 Here,
399 851 528 904 fiaelue=
556 849 705 904 saluom
735 861 772 889 te

114 910 294 962 aduemffe
328 909 488 964 gaudeo]
531 907 771 959 Principium

115 983 137 1009 a
160 966 451 1007 beneuolentia.
509 967 556 1006 Et
578 963 670 1005 vide
691 974 772 1002 ver-

115 1025 305 1066 uilitatem
323 1021 546 1074 aptiffimam
568 1018 676 1060 seruo
702 1018 773 1057 cal-

115 1081 210 1124 lido.
241 1075 421 1119 credasne
445 1075 550 1116 hunc
575 1072 672 1124 esse,
704 1075 772 1128 qui

118 1136 230 1189 supra
250 1134 400 1181 dixerit,
427 1133 549 1173 Herus
558 1131 601 1185 fi
606 1133 773 1178 redierit,

117 1191 326 1234 molendum
341 1189 403 1243 effi
421 1193 459 1228 in
474 1187 644 1242 pistrino,
661 1199 775 1243 vapu-

120 1250 281 1296 landum,
300 1256 339 1286 et
357 1246 532 1285 caetera?
590 1245 639 1285 D.

175 1303 322 1345 Saluum
340 1316 374 1342 ιε
395 1301 578 1352 aduenire]
609 1302 777 1353 Oportu-

121 1375 174 1402 ne
195 1358 322 1400 seruus
343 1372 430 1398 curn
450 1358 547 1396 'duos
569 1357 673 1395 locos
695 1369 779 1408 per-

121 1413 275 1458 didisset
293 1411 493 1460 accusator,
524 1411 780 1452 vehementer

122 1474 201 1513 iam
241 1469 471 1511 confraetam
505 1466 606 1510 senis
633 1470 779 1507 iracun-

122 1529 224 1572 diam
247 1526 405 1574 videret,
426 1523 603 1578 supponit
620 1521 667 1565 se.
698 1527 740 1564 E.

178 1597 231 1638 57
261 1584 339 1622 Ho!
380 1581 469 1622 bone
497 1580 629 1632 custos,
651 1578 779 1634 salue]

126 1640 188 1684 Ab
209 1640 322 1679 initio
342 1638 447 1680 idem
473 1649 597 1677 motus
621 1635 779 1688 (modus,

124 1697 199 1744 vel,
222 1709 298 1735 mos
315 1696 379 1747 Z.)
406 1691 574 1734 seruatus
603 1691 657 1731 est
686 1690 780 1731 seni.

125 1756 225 1796 Nam
246 1751 349 1791 idem
370 1749 446 1789 hoe
467 1748 521 1789 est
540 1748 647 1800 quod
672 1744 783 1800 supra

127 1809 248 1854 dixit,
285 1807 318 1847 Ο
337 1807 429 1847 Geta
448 1807 625 1845 monitor.
654 1817 776 1856 quam·

128 1878 244 1918 quam
271 1876 341 1917 per
370 1860 502 1909 αὕξητιν
529 1861 614 1911 plus
646 1857 783 1914 fignifi-

131 1931 191 1961 cat
226 1919 332 1970 quod
359 1918 471 1964 dicit,
513 1917 617 1957 Bone
647 1916 790 1970 custos.-

131 1988 246 2027 quam
259 1974 362 2027 quod
373 1971 491 2026 supra,
502 1974 692 2013 Monitor.
723 1971 791 2012 Co-

134 2031 252 2071 lumen
281 2043 366 2070 vero
381 2029 572 2080 familiae]
605 2029 790 2076 columen,

135 2088 293 2128 culmen
312 2100 360 2125 an
382 2085 554 2131 columen,
584 2084 794 2128 columna?

136 2142 243 2184 vnde
260 2139 487 2186 columellae,
513 2141 613 2193 apud
633 2151 791 2187 veteres,

135 2198 226 2239 dish
247 2194 343 2237 serui
363 2199 523 2237 maiores
543 2197 694 2236 domus,
725 2198 792 2236 Lu-

140 2254 197 2294 ci1.
224 2266 319 2292 xxu.
359 2254 495 2293 Seruus
525 2264 636 2304 neque
660 2249 792 2303 infidus

140 2311 304 2356 domino,
325 2321 433 2360 neque
453 2308 595 2347 inutilis
615 2309 794 2360 cuiquam,

141 2366 266 2406 Lucili
295 2365 500 2409 columella,
533 2360 694 2411 hicfi'tus
713 2362 795 2400 Me-

141 2420 353 2473 trophanes.
419 2418 597 2464 Tubero,
632 2418 729 2457 Hinc
758 2421 796 2457 m

141 2477 361 2527 millesimum
391 2487 530 2514 annum
553 2487 679 2513 eorum
700 2472 798 2514 colu-

141 2536 241 2575 mine
269 2534 401 2572 ciuitas
429 2530 691 2570 continebitur.
721 2532 798 2570 Ho-

143 2590 262 2631 ratius
283 2589 431 2639 (caim.
453 2599 482 2634 1,
510 2598 575 2640 35,
607 2587 689 2640 13.)
713 2598 798 2625 con-

146 2656 202 2686 tra
238 2657 308 2696 pro
344 2643 539 2682 columine
567 2642 800 2688 columnam,

149 2699 336 2754 Iniuriofi
356 2712 399 2740 ne
413 2699 501 2754 pede
518 2710 681 2754 proruas
697 2696 802 2739 Stan-

1353 700 1478 746 Nam

819 860 891 889 tem
909 846 1118 887 columnam.
1173 842 1324 885 Ennius
1343 855 1379 882 x.
1406 839 1479 882 Re-

818 907 888 961 gni
914 902 1100 956 versatum
1122 898 1351 950 fimmmmue
1378 897 1478 937 colu·

819 975 952 1000 mnam.
1024 957 1197 998 Columen
1236 969 1324 995 vero
1354 954 1479 1008 fami·

819 1019 903 1068 liae]
935 1012 1168 1056 sustentatio
1182 1012 1243 1054 vel
1262 1011 1390 1052 decuS.
1413 1023 1493 1049 vn„

821 1073 871 1114 de
892 1073 1079 1114 columnae
1097 1069 1230 1109 dietae.
1260 1078 1301 1109 et
1326 1067 1483 1108 moi-alis

823 1128 958 1178 αὔξησις
982 1132 1012 1164 ἐν
1038 1131 1191 1175 elymelec.
1252 1125 1302 1164 D.
1527 1127 1532 1132 “

881 1179 1051 1228 Οοίιιηιεὴ
1082 1196 1167 1223 vero
1190 1179 1381 1232 familiae]
1417 1178 1485 1219 Di·

827 1244 955 1296 gnitas
978 1239 1038 1279 vel
1052 1250 1156 1280 certe
1174 1232 1402 1284 sustentatio,
1418 1247 1485 1274 vn-

827 1299 878 1340 de
898 1298 1084 1338 columnae
1103 1294 1294 1333 dicuntur.
1353 1294 1397 1332 E.

882 1360 932 1407 58
973 1353 1044 1393 Cui
1085 1348 1333 1390 commendaui
1359 1345 1486 1400 filium

829 1411 912 1450 hinc
931 1407 1055 1449 abiem
1081 1405 1213 1460 mcum]
1245 1404 1400 1454 Duplex
1419 1415 1486 1442 ex-

829 1465 971 1507 cusatio
1013 1462 1214 1515 (accusatio
1241 1460 1339 1500 Edd.
1377 1461 1487 1511 vett.)

830 1521 883 1565 est
903 1521 952 1560 de
975 1532 1022 1559 eo
1043 1518 1148 1570 quod
1174 1516 1320 1557 fecerit.
1379 1517 1489 1555 Haec

830 1578 1072 1618 conueniunt
1102 1575 1143 1613 in
1176 1586 1240 1612 eas
1287 1569 1487 1624 personas,

831 1647 924 1686 quas
974 1630 1143 1686 speetate
1180 1642 1265 1670 non
1302 1637 1492 1683 oportue-

831 1692 892 1731 rit.
946 1691 995 1730 D.

889 1757 942 1800 59
970 1741 1190 1786 Iamdudum
1217 1753 1253 1782 te
1280 1752 1400 1780 omnes
1426 1751 1491 1780 nos

832 1801 1004 1853 accufizre
1019 1800 1133 1840 audio
1153 1793 1357 1842 immerito]
1388 1794 1493 1837 Vide

836 1873 951 1910 quam
982 1858 1023 1896 in
1052 1856 1110 1896 his
1129 1854 1255 1893 verbis
1276 1853 1392 1890 etiam
1418 1853 1496 1893 vul·

839 1927 896 1956 tus
931 1913 1088 1968 quidam
1124 1908 1220 1950 serui
1257 1909 1494 1948 contumacis

836 1980 1039 2024 appareat,
1066 1978 1104 2009 et
1122 1963 1268 2008 versute
1286 1964 1387 2003 mali.
1445 1966 1495 2006 Et

837 2027 912 2067 hoc
945 2025 998 2066 est
1030 2023 1133 2076 quod
1153 2023 1319 2067 dixerat,
1354 2020 1432 2073 Ego
1456 2022 1497 2058 in

840 2083 976 2137 insidiis
1024 2081 1082 2121 hic
1131 2093 1191 2118 ero
1239 2075 1496 2130 succenturia-

840 2153 911 2180 tus.
970 2139 1020 2178 D.

896 2195 976 2236 Iam
1004 2191 1137 2232 dudum
1162 2202 1198 2232 te
1217 2201 1338 2228 omnes
1353 2200 1420 2227 nos
1439 2201 1498 2228 ac-

843 2251 967 2302 ctfizre
1000 2246 1128 2293 audio]
1166 2245 1209 2285 ld
1239 2243 1413 2296 estquod
1442 2240 1502 2281 su-

844 2321 910 2358 pra
930 2305 1046 2350 dixit,
1075 2301 1157 2357 Ego
1186 2301 1242 2340 hic
1269 2303 1306 2337 in
1325 2298 1500 2352 Jitblidiis

845 2374 919 2400 ero.
951 2363 1003 2399 lta
1014 2355 1185 2398 defeniio
1197 2353 1372 2409 superior
1383 2368 1498 2396 vnam

845 2417 1003 2457 instituit
1021 2426 1206 2467 pugnam.
1261 2415 1306 2453 E.

902 2475 957 2515 60
985 2470 1183 2513 Immerito,
1213 2480 1247 2508 et
1266 2481 1321 2507 me
1338 2468 1502 2508 omnium

847 2527 982 2568 horum
1011 2522 1301 2578 immeritiffimo]
1327 2525 1501 2564 Tantum

850 2582 1117 2636 impudentiae
1136 2578 1323 2632 superest:
1353 2591 1390 2619 vt
1417 2593 1501 2620 non

851 2639 970 2680 solum
995 2636 1051 2687 se,
1086 2634 1150 2677 sed
1175 2637 1269 2676 alios
1299 2637 1414 2676 etiam
1435 2635 1502 2674 de-

850 2695 996 2738 tendat.
1053 2694 1204 2735 Horum
1233 2690 1408 2734 omnidt'n
1438 2693 1505 2730 im-

1388 2760 1509 2788 merx-
