1875 3292
418 240 516 303 326

796 237 954 288 ACT.
985 239 1060 286 111.
1107 237 1304 293 SCEN.
1337 239 1392 285 V.

554 366 719 415 Sublati
743 368 875 412 animi
896 365 1007 414 sunt.
1044 363 1087 414 L
1105 379 1156 412 A.
1191 367 1316 413 etiam
1340 382 1513 413 mecum
1536 358 1717 427 litigas?

555 441 654 491 ΡΗ.
687 442 926 494 Deliberet,
949 444 1264 504 renuncietque
1284 442 1416 489 hodie
1435 442 1561 495 mihi,

557 518 748 570 Velitne,
774 535 827 564 an
850 532 967 565 non:
1006 528 1053 565 vt
1079 518 1163 570 alii,
1187 516 1216 563 fi
1239 517 1451 580 huicnon
1473 515 1538 574 fit,
1565 514 1655 563 fiet.

458 592 528 643 ὄο
565 590 667 642 LA.
705 593 936 658 Phidippe,
957 593 1070 646 ades,
1091 593 1191 640 audi
1207 595 1370 658 paucis.
1395 594 1513 642 abiit,
1536 592 1640 655 quid
1664 588 1793 642 mea?

558 667 782 717 Postremo
804 671 916 715 inter
938 668 977 715 se
999 667 1233 730 transigant
1255 667 1347 732 ipfi,
1374 679 1421 715 vt
1443 668 1586 716 lubet:
1858 662 1861 665 ’

558 744 754 801 Quando
779 761 858 791 nec
880 757 1050 805 gnatus,
1072 759 1217 808 neque
1240 744 1311 791 hic
1336 744 1445 791 mihi
1468 746 1702 808 quicquam
1717 741 1798 790 ob·
1864 772 1866 778 ι

657 831 925 884 temperant:

559 899 686 952 Quae
710 895 822 951 dico,
847 893 1205 962 paruipendunt.
1242 905 1375 962 porto
1400 894 1486 942 hoc
1506 896 1702 956 iurgium

483 1107 538 1149 57
569 1094 720 1136 Sublati
746 1096 880 1150 animz]
911 1099 984 1136 Pro
1007 1096 1090 1137 Ela-

425 1154 478 1200 ti,
514 1151 656 1192 Sublati
676 1152 785 1198 dixit.
839 1156 886 1193 Et
908 1153 980 1191 hoc
1000 1166 1089 1204 pro·

426 1209 515 1261 prie
532 1207 702 1249 ferarum
722 1208 787 1257 est,
813 1219 855 1247 vt
874 1212 996 1262 (Aen.
1015 1222 1084 1257 xu,

426 1267 490 1317 4.)
536 1264 757 1319 Attollitque
793 1268 962 1305 animos.-
1002 1264 1091 1305 Poe-

429 1335 571 1362 norum
599 1321 716 1376 qualis
732 1325 772 1361 in
789 1324 911 1366 aruis,
942 1320 1093 1360 Saucius

423 1376 491 1417 ille
509 1381 626 1434 graui
644 1390 842 1417 venantum
862 1378 1014 1416 vulnere
1030 1388 1090 1429 pe-

427 1435 530 1483 etus,
567 1436 659 1475 Tum
680 1435 820 1474 demum
843 1447 965 1473 mouet
984 1448 1089 1473 arma

431 1492 496 1540 leo,
516 1489 589 1533 &a
648 1494 747 1533 Nam
769 1490 910 1530 bestiae
929 1503 998 1542 pro
1008 1491 1089 1529 ani-

426 1548 482 1587 mi
505 1548 692 1600 qualitate
714 1547 774 1586 vel
789 1548 1090 1601 eriguntcorpo·

427 1617 491 1651 ra,
522 1605 585 1642 vel
606 1603 835 1655 deponunt,
865 1604 916 1641 ait
937 1604 1090 1644 Cicero.

430 1659 558 1698 Etiam
586 1672 719 1698 mecum
748 1659 932 1712 litigas?]
962 1659 1089 1698 Belle:

430 1725 473 1754 et
500 1715 605 1754 illum
634 1728 682 1752 ex
699 1715 849 1753 inuidia
870 1713 1092 1752 iracundio-

433 1784 536 1819 rem,
572 1780 610 1809 et
638 1769 709 1809 hoc
735 1769 781 1809 ad
813 1767 852 1808 se
882 1769 1088 1816 dicentem,

433 1826 543 1878 quod
577 1836 739 1878 propter
766 1825 1009 1876 Pamphilum
1040 1823 1093 1863 di-

432 1882 567 1931 cebat,
598 1880 726 1922 effecit
752 1880 886 1933 (Belles
915 1881 1033 1920 Poeta
1057 1891 1094 1921 et

433 1953 564 1979 contra
593 1940 693 1979 iHum
719 1952 766 1977 ex
787 1941 925 1976 iniuria
951 1940 1094 1976 iracun-

434 1997 590 2041 diorem,
613 2009 647 2034 et
666 1994 1096 2046 huicfimmfitccensen-

435 2066 530 2098 tem,
567 2052 667 2105 quod
699 2054 831 2091 merito
860 2050 1093 2102 Pamphilum

434 2112 576 2148 iratum
604 2106 755 2154 dicebat,
779 2106 895 2159 effecit
920 2110 995 2158 Z.).
1028 2107 1093 2145 Et-

437 2168 514 2204 iam
545 2177 678 2203 mecum
710 2163 893 2218 litig052]
924 2161 1094 2202 Inuidio-

438 2220 489 2266 se,
511 2220 611 2271 quafi
632 2221 705 2259 iam
727 2233 813 2259 curn
834 2219 1038 2271 Pamphilo
1053 2220 1094 2257 li-

438 2278 632 2331 tignuerit.
692 2279 740 2317 D.

499 2339 548 2385 58
588 2331 798 2380 Deliberet,
839 2333 1096 2382 renuncietque

440 2389 562 2433 hodie]
596 2389 773 2428 Ferocius
793 2402 906 2440 quam
923 2385 1095 2426 socerum

440 2446 621 2485 deceret:
641 2456 807 2483 attamen
822 2455 978 2491 mature,
990 2442 1096 2495 quod

440 2501 632 2541 Deliberet
650 2501 755 2539 dix-it.
814 2504 863 2541 D.

497 2570 548 2609 59
584 2558 631 2596 Vt
657 2558 742 2605 alii,
770 2554 813 2605 st
829 2555 913 2594 huic
949 2551 1096 2603 nonstt,

436 2613 524 2665 fiet]
564 2617 710 2663 Magna
742 2612 879 2650 fiducia
912 2611 1098 2649 conditio·

444 2680 537 2707 nem
584 2667 684 2706 filine
722 2665 867 2706 asserit:
912 2667 1097 2717 quoniam

441 2726 518 2764 iam
545 2723 569 2763 ti
595 2723 820 2776 Pamphilus
847 2724 960 2772 nolit,
992 2737 1094 2776 para-

1720 969 1794 1018 Ad

1139 1107 1219 1137 tum
1232 1097 1393 1136 alterum
1414 1093 1602 1135 dicitess‘e.
1659 1094 1701 1134 Si
1713 1095 1798 1138 huie

1137 1168 1209 1194 non
1226 1153 1289 1206 li't]
1319 1152 1554 1193 Subauditur
1572 1165 1679 1192 vxor.
1719 1151 1796 1192 Sed

1139 1211 1233 1250 dura
1263 1209 1364 1248 difflu
1391 1209 1566 1258 reticuit,
1609 1221 1647 1248 vt
1681 1207 1798 1248 debe·

1139 1268 1396 1363 bagonlssale
1406 1334 1476 1373 pro
1489 1321 1580 1361 Non
1585 1320 1646 1375 stt,
1664 1319 1797 1362 Bemb.

1140 1377 1256 1419 habet
1279 1378 1370 1417 Non
1393 1377 1451 1428 est.
1510 1380 1550 1417 Β.

1195 1439 1250 1478 60
1282 1434 1470 1488 Phidippa
1497 1434 1598 1488 ades]
1627 1435 1800 1473 Nomine
1865 1422 1868 1428 ¹

1140 1491 1332 1544 appellat:
1354 1489 1459 1541 quod
1475 1488 1606 1529 facet-'e
1619 1487 1799 1539 solemus,
1864 1505 1867 1544 J

1140 1548 1255 1587 iratos
1276 1547 1454 1599 mitigare
1472 1557 1665 1586 conantes.
1696 1549 1745 1587 D.
1863 1582 1866 1594 ,

1195 1607 1244 1646 61
1275 1603 1463 1655 Postremo
1492 1605 1590 1642 imer
1609 1603 1650 1653 fi
1671 1599 1804 1652 transt·

1139 1660 1252 1713 gant]
1292 1663 1382 1699 Non
1421 1659 1526 1697 enim
1552 1657 1645 1696 haec
1677 1662 1802 1697 votiua

1142 1715 1246 1762 sunt,
1298 1713 1440 1764 quibus
1477 1711 1660 1753 interess'e
1698 1714 1802 1752 dele-

1145 1771 1231 1809 Slet.
1289 1769 1341 1808 D.

1200 1828 1251 1868 62
1281 1824 1444 1882 ,211‘1'3110
1469 1839 1531 1864 nec
1546 1838 1681 1880 gnatus
1699 1855 1709 1874 ,
1742 1839 1804 1865 ne·
1858 1834 1862 1852 ²

1146 1896 1214 1935 que
1246 1881 1320 1930 hic]
1350 1879 1543 1920 lnuidiuse
1564 1882 1733 1932 Gnatus,
1764 1893 1803 1922 et

1145 1940 1235 1978 Non
1266 1938 1534 1990 obtemperant,
1560 1949 1598 1977 et
1621 1939 1694 1978 Hic
1720 1951 1803 1977 non
1858 1949 1860 1969 ῑ

1145 1993 1386 2034 familiariter
1413 1994 1583 2042 dietum,
1623 1993 1725 2045 quafi
1753 1994 1802 2033 ab

1147 2052 1254 2090 irato.
1315 2052 1362 2089 D.
1855 2048 1857 2096 J

1195 2110 1247 2158 63
1278 2106 1384 2160 ¹Qun·
1403 2106 1802 2161 dico,paruipendunt]
1854 2128 1855 2162 }

1142 2164 1247 2214 Quia
1269 2163 1579 2214 obtemperamus
1605 2164 1721 2203 etiam
1750 2174 1805 2202 ta-

1143 2222 1241 2259 citae
1259 2219 1460 2258 voluntati.
1518 2219 1639 2258 Porto
1651 2219 1716 2258 hoc
1728 2223 1805 2258 iur-

1140 2280 1245 2331 gium
1273 2276 1324 2315 ad
1340 2288 1513 2314 vxorem:
1541 2279 1666 2322 cuius,
1701 2272 1803 2329 dyc]
1852 2298 1854 2303 ν

1144 2337 1253 2373 Bene
1281 2329 1404 2370 rursus
1432 2332 1474 2370 in
1502 2344 1670 2370 errorem
1705 2331 1806 2370 redi·
1850 2375 1851 2378 Ἴ

1147 2399 1226 2426 tur:
1255 2401 1306 2427 ne
1326 2400 1426 2439 quae
1446 2400 1534 2426 vera
1553 2385 1647 2433 sunt,
1669 2398 1805 2426 contra
1850 2383 1851 2411 3

1146 2444 1315 2483 Fabulae
1326 2442 1559 2495 propofitum
1573 2442 1804 2496 cognoscan-

1146 2511 1215 2539 tur.
1269 2500 1386 2538 Porto
1411 2499 1477 2537 hoc
1493 2499 1676 2553 iurgium]
1708 2499 1804 2537 Por·
1848 2509 1849 2514 ¹

1147 2570 1194 2599 to,
1217 2555 1319 2605 quafi
1339 2555 1484 2606 aliquid
1500 2568 1695 2606 magnum.
1728 2556 1773 2593 D.

1200 2612 1318 2651 Porto
1346 2612 1412 2649 hoc
1441 2614 1599 2666 iurgium
1627 2611 1677 2648 ad
1709 2623 1804 2648 vxo-

1149 2669 1242 2721 rcm]
1273 2671 1380 2707 Putat
1415 2670 1542 2714 enim,
1578 2667 1661 2705 eius
1694 2663 1803 2707 causa

1150 2724 1318 2777 puellam
1340 2720 1544 2762 disccffiss'e.
1601 2724 1645 2762 E.
