1875 3292
418 217 517 275 438
825 213 988 262 ACT.
1017 213 1053 261 1.
1093 212 1287 271 scen.
1316 213 1370 262 11.

562 343 684 400 Quid
715 351 758 390 te
791 335 1074 410 futurum'st?
1120 321 1242 388 GP..⁸
1272 341 1414 390 nescio
1449 341 1608 391 hercle.
1645 361 1784 394 vnum

660 421 745 466 hoc
766 417 870 464 scio:

429 470 454 477 ,-

563 494 700 550 Quod
722 495 810 542 fors
825 493 947 547 feret,
968 493 1156 541 feremus
1167 509 1306 558 aequo
1317 495 1477 541 animo.
1504 490 1599 542 DA.
1623 494 1785 559 placet:
1858 532 1863 539 .

560 569 703 618 Hem!
749 567 854 615 istuc
883 562 1013 617 viri’st
1049 565 1258 619 officium.
1305 564 1410 616 GE.
1454 571 1501 617 in
1534 585 1607 618 me
1643 570 1786 617 omnis
1835 592 1860 639 ,Σ

661 645 755 710 spes
779 643 887 690 mihi
909 642 983 691 est.

468 734 536 784 90
569 719 684 769 DA.
720 719 886 766 Laudo.
924 716 1032 768 GE.
1073 718 1126 766 ad
1157 729 1429 786 precatorem
1467 718 1615 767 adeam
1643 719 1788 775 credo,
1843 719 1859 766 ,j

665 796 743 858 qui
763 795 875 841 mihi

566 872 637 920 Sic
657 880 775 918 oret:
809 874 947 919 Nunc
967 871 1114 920 amitte
1133 870 1288 937 quaeso
1309 870 1450 919 hunc:
1488 880 1704 919 caeterum

486 1038 541 1083 37
569 1030 604 1070 Ο
626 1028 734 1078 Geta,
757 1031 850 1085 quid
866 1044 900 1072 te
911 1031 1092 1085 ficturum

434 1085 528 1141 efll]
548 1087 610 1128 Sic
631 1089 860 1140 pronuncia,
880 1089 981 1141 quali
995 1090 1094 1140 peri-

435 1154 566 1183 turum
610 1145 887 1196 contempleris
937 1147 1089 1193 Getam,

433 1210 478 1238 et
495 1199 572 1239 iam
592 1211 680 1239 eum
693 1199 735 1238 in
750 1211 852 1240 certo
863 1201 1019 1241 interitu
1032 1200 1096 1240 de-

438 1255 544 1294 fleas.
606 1255 640 1294 0
658 1257 761 1305 Geta,
781 1257 872 1309 quid
882 1270 914 1295 te
916 1255 1096 1309 futurum

439 1307 542 1364 est!]
570 1311 724 1351 Scilicet
743 1313 810 1363 qui
833 1312 1013 1366 magister
1041 1325 1098 1351 re-

439 1366 550 1405 liftus
590 1366 636 1406 fis
666 1366 894 1420 Antiphoni.
963 1368 1097 1420 Nefiio

441 1421 580 1462 hercle:
614 1436 727 1462 vnum
771 1423 837 1462 hoc
856 1423 960 1474 βία,
1003 1424 1100 1477 quod

442 1478 528 1528 fors
538 1479 642 1530 feret
653 1479 819 1530 feremus
832 1493 945 1533 aequo
959 1481 1099 1535 animo]

439 1533 566 1576 ἠθικῶς
588 1532 858 1586 desperatione
875 1548 1004 1575 rerum
1024 1534 1100 1575 for-

442 1590 491 1628 tis
526 1589 582 1628 ests
611 1587 751 1630 seruus.
807 1596 856 1633 Et
883 1591 989 1630 simul
1010 1593 1101 1645 vigi-

443 1645 538 1683 lauit
556 1648 691 1691 Poeta,
720 1659 773 1684 ne
794 1645 820 1684 fi
850 1646 968 1684 ethic
988 1648 1101 1686 eiula-

443 1711 523 1742 ret,
551 1712 611 1738 res
640 1712 716 1739 tota
742 1702 922 1754 migraret
949 1702 991 1740 in
1011 1705 1102 1742 Tra-

449 1754 647 1809 goediam.
706 1756 753 1794 D.

505 1815 554 1859 88
585 1809 921 1864 Qodsorsfiret,
939 1810 1102 1861 ftremus

446 1878 562 1918 aequo
585 1868 724 1917 animo]
754 1870 838 1907 Hae
860 1879 995 1920 graues
1024 1865 1102 1906 sen·

452 1922 618 1968 tentiae,
648 1935 698 1962 ex
726 1921 887 1974 persona
908 1920 1101 1961 seruorum

449 1989 570 2030 quum
587 1977 778 2024 dicuntur,
806 1978 987 2017 ridiculae
1006 1975 1102 2025 sunt,

450 2043 491 2073 et
521 2045 569 2072 eo
604 2033 760 2073 confilio
786 2035 1101 2084 interponuntur.

455 2089 624 2129 Feremus
650 2103 761 2142 aequo
783 2092 920 2132 animo]
949 2093 1034 2132 Hoc
1055 2087 1107 2129 se·

453 2144 625 2184 cundum
644 2143 778 2190 seruos,
798 2150 862 2197 qui
882 2144 1006 2185 futura
1019 2158 1107 2184 con-

453 2210 646 2240 temnunt.
678 2204 722 2241 Et
736 2202 830 2240 mire
841 2202 1020 2240 meritum
1033 2201 1107 2240 cul·

452 2269 527 2310 pae
541 2255 625 2296 suae
637 2256 682 2296 ad
695 2255 886 2296 fortunam
899 2258 1036 2297 retulit.
1058 2257 1106 2295 D.

510 2312 602 2351 Fors
621 2313 742 2363 feret,
771 2315 951 2365 feremus]
993 2315 1106 2352 Nunc

455 2369 715 2407 narrationem
746 2369 846 2416 finit,
887 2369 937 2408 de
964 2379 1107 2408 euentu

455 2420 683 2475 respondet:
715 2437 833 2464 omne
850 2421 886 2462 se
897 2437 1019 2475 aequo
1030 2425 1106 2463 ani-

457 2491 523 2517 rno
571 2477 758 2529 passurum
800 2481 904 2532 quod
944 2492 1108 2519 euentus

458 2535 627 2573 attulerit
647 2536 684 2573 in
708 2537 882 2586 pcccatis.
937 2539 978 2575 E.

511 2593 582 2628 Pro
608 2589 728 2629 Placet
748 2592 964 2645 elegantius
985 2589 1051 2637 est,
1082 2588 1108 2629 si

461 2647 614 2695 reponis
639 2646 770 2684 Flam.
831 2650 871 2685 B.

519 2708 569 2751 89
601 2702 712 2747 llem,
749 2700 833 2754 ssuc
861 2701 907 2752 est
933 2703 1011 2739 viri
1032 2700 1110 2752 offi-

396 2783 399 2786 -
461 2755 576 2809 cium]
617 2756 906 2809 Compendium
946 2754 1110 2797 consola-

1144 1811 1196 1865 fic
1213 1813 1310 1866 oret]
1340 1810 1381 1850 ld
1393 1811 1455 1859 est,
1473 1825 1542 1863 pro
1554 1824 1617 1850 me
1629 1824 1719 1851 oret.
1750 1816 1802 1853 D.

1671 944 1791 996 Post·
1835 954 1849 982 ἵ·

1143 1032 1258 1072 tionis
1287 1032 1361 1082 est,
1401 1032 1505 1084 quod
1531 1030 1593 1070 hic
1627 1031 1796 1071 libenter
1839 1047 1843 1055 ·

1144 1088 1317 1142 accepit:
1343 1097 1384 1128 et
1409 1087 1500 1141 ideo
1517 1086 1640 1127 statim
1657 1101 1798 1140 appro‘
1842 1102 1843 1105 ¹

1143 1144 1220 1184 bat.
1271 1145 1317 1184 In
1334 1158 1387 1183 me
1403 1147 1519 1184 omnis
1525 1143 1667 1198 spesell
1684 1143 1794 1238 mihl]

1144 1202 1239 1251 Quo
1262 1200 1406 1245 modo?
1431 1213 1480 1240 an
1505 1210 1543 1239 vt
1567 1199 1719 1240 strenue
1772 1213 1796 1239 e

1146 1255 1361 1297 defendat?
1386 1269 1436 1295 an
1456 1267 1493 1294 vt
1512 1254 1662 1308 fugiat?
1692 1269 1740 1295 an
1758 1266 1798 1295 vt

1145 1314 1298 1366 patiens
1315 1311 1358 1351 {it
1371 1312 1594 1365 plagarum?
1647 1313 1696 1351 D.

1198 1381 1254 1422 90
1293 1368 1353 1408 Ad
1392 1380 1619 1421 precatorem
1654 1367 1791 1416 adeam,

1149 1425 1275 1475 credo]
1306 1427 1414 1464 Bene
1432 1427 1548 1465 Poeta
1577 1424 1709 1462 omnia
1729 1432 1800 1462 tra·

1148 1482 1242 1527 flat,
1271 1491 1370 1532 quae
1397 1481 1437 1519 in
1467 1480 1529 1519 tali
1562 1492 1604 1518 re
1636 1478 1800 1519 tacenda

1149 1535 1256 1577 seruo
1276 1533 1408 1581 effent,
1431 1535 1499 1575 nili
1517 1535 1618 1574 aliud
1631 1532 1801 1584 posceret

1149 1604 1430 1645 argumentum.
1490 1592 1551 1630 Ad
1572 1602 1801 1642 precatorem

1150 1648 1295 1701 adeam]
1325 1647 1387 1686 Sic
1408 1648 1446 1685 in
1458 1647 1800 1685 Heautontimoru-

1150 1715 1292 1749 meno,
1325 1701 1407 1740 Nec
1431 1712 1472 1740 tu
1497 1715 1597 1739 aram
1617 1699 1705 1748 sibi,
1740 1714 1802 1739 nec

1147 1769 1376 1810 precatorem
1393 1760 1555 1807 pararis.
1611 1753 1688 1809 Qui
1712 1756 1802 1795 mihi

1203 1867 1266 1908 Ad
1294 1880 1517 1919 precatorem
1550 1868 1693 1921 adeam]
1735 1869 1805 1907 So-

1150 1925 1234 1964 lent
1253 1920 1359 1969 serui,
1380 1925 1555 1974 quotiens
1582 1923 1730 1963 suerint
1749 1923 1804 1963 rei

1152 1977 1504 2027 constituti‚habere
1513 1979 1577 2019 libi
1591 1990 1804 2031 precatore·

1153 2036 1219 2088 qui
1240 2048 1310 2086 pro
1326 2035 1381 2074 eis
1407 2046 1536 2075 orent.
1595 2038 1639 2076 E.
1858 2062 1867 2084 a

1207 2091 1288 2148 Qi
1315 2090 1406 2130 mihi
1431 2090 1485 2141 fic
1513 2091 1609 2145 oret]
1649 2089 1804 2131 Seruius
1851 2044 1868 2143 ι’

1154 2146 1321 2189 Aeneid.
1341 2159 1432 2192 vm,
1454 2158 1541 2200 127.
1597 2149 1639 2186 L.

1207 2205 1280 2243 Pro
1319 2202 1464 2255 vulgari
1502 2201 1639 2242 Abeom
1682 2203 1815 2254 placet*

1154 2257 1334 2297 Bembini
1361 2258 1510 2297 Adeam.
1570 2261 1665 2298 Nam
1692 2259 1805 2298 Adire

1155 2312 1334 2365 supplicis
1364 2312 1430 2352 est.
1485 2315 1527 2353 B.

1209 2381 1257 2421 91
1283 2370 1395 2408 Nunc
1414 2371 1540 2407 amitte
1557 2367 1684 2421 quaeso
1693 2365 1804 2422 hunc]

1155 2432 1294 2469 Μίμησις
1320 2424 1473 2471 dicitur,
1502 2423 1565 2462 vbi
1586 2438 1664 2463 non
1691 2423 1807 2463 verba
1864 2447 1865 2452 =

1158 2480 1287 2527 modo,
1307 2493 1439 2520 verum
1461 2480 1573 2518 etiam
1585 2480 1729 2533 gestum
1742 2491 1808 2517 vo·
1856 2505 1865 2516 .

1159 2548 1322 2586 cemque
1382 2534 1561 2588 fingimus
1624 2535 1817 2577 alienam„
1853 2546 1865 2591 ς

1157 2591 1268 2630 Nunc
1283 2594 1412 2632 amitte
1430 2589 1576 2642 quaefh]
1605 2592 1690 2628 Hoc
1703 2584 1806 2640 quod
1852 2597 1862 2622 ι’

1159 2658 1230 2686 nos
1254 2646 1412 2686 dicimus
1438 2646 1617 2693 Dimitte,
1657 2640 1806 2695 antiqui
1864 2669 1868 2678 ·

1159 2705 1273 2742 etiam
1299 2702 1479 2742 dicebant
1497 2702 1650 2742 Arnim.
1698 2701 1802 2754 Virg.
1850 2705 1866 2754 i?

1682 2758 1801 2810 (Aen.
1850 2757 1867 2792 ’ί

1848 2800 1858 2876 5

1851 2877 1855 2910 l

1849 2339 1852 2374 ἱ
