1875 3308
673 194 970 242 ADELPH.

1395 213 1482 260 143

246 326 416 374 Facite:
453 340 537 385 ego
559 324 825 371 Aeschinum
846 322 1130 376 conueniam3
1167 335 1228 377 vt,
1261 329 1487 389 quomodo

348 398 441 447 aRa
467 401 571 446 haec
596 398 690 452 sint,
712 400 822 448 sciat.

248 477 333 526 Sed
363 478 460 539 quis
498 476 654 522 ostium
690 475 774 522 hoc
806 473 1026 539 pultauit?
1062 470 1160 520 ΑΕ.
1196 488 1320 540 pater
1344 476 1488 526 hercle

351 552 433 599 est:
471 552 607 616 perii!
656 550 708 597 M
724 564 754 597 1.
794 549 1018 596 Aeschine.

226 626 355 676 -ΑΕ.
399 629 520 682 Quid
545 628 649 677 huie
668 627 739 672 hic
761 618 999 687 negoti’st?
1039 623 1140 672 Ml.
1177 637 1282 675 tune
1306 630 1382 676 has
1415 646 1488 695 pe-

352 703 497 768 pulisti
521 702 666 750 fores?
708 713 834 748 tacet.
1244 730 1261 756 0

189 794 218 842 5
253 783 344 826 Cur
370 797 459 825 non
485 779 590 826 ludo
613 778 732 824 hunc
755 775 1091 842 aliquantisper?
1127 779 1282 826 melius
1308 779 1388 836 est3

257 854 632 919 Quandoquidem
676 853 761 901 hoc
802 869 1032 918 nunquam
1073 853 1182 901 mihi
1225 856 1313 921 ipse
1352 855 1493 905 voluit

353 931 546 978 credere.

257 1006 387 1055 Nihil
424 1007 532 1053 mihi
562 1004 832 1070 respondes?
883 1002 985 1052 ΑΕ.
1022 1022 1114 1053 non
1148 1006 1352 1070 equidem
1384 1007 1495 1064 istas,

352 1082 476 1146 quod
507 1081 650 1129 seiam.

127 1304 263 1344 vltimo
308 1301 447 1355 prioris
481 1305 632 1344 Scenae
674 1300 790 1342 faciat

126 1359 400 1402 'si-ochaicum,
449 1361 657 1400 Caeterum
679 1372 790 1411 repo·

130 1431 181 1455 ne
209 1418 346 1462 Dixti,
384 1415 487 1467 quod
524 1425 629 1454 extat
656 1418 695 1455 in
725 1413 790 1454 sex

128 1473 258 1515 Codd.
318 1474 418 1511 Nam
449 1472 633 1511 Micionis
674 1474 789 1526 inge-

128 1532 200 1569 nio
239 1529 364 1581 aptius
400 1526 456 1567 est
493 1525 653 1579 obsequi
680 1541 794 1580 quam

129 1587 340 1638 imperare:
399 1587 441 1625 Β.

148 1744 149 1747 ¹
185 1708 212 1738 2
242 1694 386 1749 Facite]
416 1693 532 1733 Iubet
548 1702 590 1733 vt
611 1694 672 1734 vel
692 1690 794 1735 secu·

133 1767 198 1794 rae
216 1752 300 1799 fint,
327 1753 388 1791 vel
409 1750 600 1790 adornent
622 1752 793 1803 nuptias.

132 1811 217 1865 Ego
273 1807 494 1859 Aefihinum
551 1809 794 1860 conueniant]

135 1868 258 1915 Mire,
313 1858 536 1904 occursurus
580 1862 794 1913 Aeschino,

135 1919 375 1965 Aeschinum
396 1919 558 1972 quaerit.
616 1921 663 1960 D.

190 1982 263 2019 Pto
275 1977 402 2017 Facite
420 1987 557 2015 omnes
576 1975 704 2024 nostri,
725 1974 796 2016 Fa-

139 2035 228 2074 cito.
286 2036 333 2073 Et
350 2046 420 2084 pro
432 2033 523 2072 Sint
539 2044 675 2072 omnes
686 2037 798 2076 Faer-

137 2091 179 2130 ni
203 2101 240 2130 et
259 2088 388 2135 nostri,
407 2088 519 2128 Sunt.
575 2092 618 2133 Β.

193 2158 216 2198 3
248 2147 362 2187 Pater
387 2145 503 2184 hercle
521 2143 588 2199 est]
616 2144 723 2197 Quid
743 2143 798 2186 est

138 2200 229 2250 hoc,
257 2200 364 2253 quod
391 2202 512 2242 Micio
534 2201 717 2246 timetur?
747 2216 798 2242 an

142 2260 233 2310 quia
273 2257 330 2296 illi
374 2270 458 2296 non
491 2256 545 2298 est
579 2256 800 2299 confeffus?

141 2312 324 2356 Ostendit
349 2324 480 2353 autem
500 2317 619 2354 Poeta
647 2326 803 2354 tantun-

144 2372 236 2410 dem
252 2368 442 2421 pudorem
468 2365 596 2422 posse,
637 2382 701 2410 aut
724 2385 804 2410 am-

144 2428 256 2480 plius,
278 2439 395 2477 quam
420 2427 612 2466 timorem.
670 2429 721 2467 D.

201 2497 228 2536 4
256 2481 363 2536 Qu'd
391 2480 475 2521 huic
499 2481 560 2521 hic
584 2484 708 2538 negoti
735 2482 802 2538 est]

146 2539 258 2579 Alius
290 2539 422 2586 timor,
460 2538 561 2588 quod
584 2537 677 2578 hinc
696 2553 804 2593 egre·

147 2595 248 2635 dirui·
272 2605 391 2647 pater.
453 2594 550 2633 Tune
579 2593 644 2634 bas
664 2596 805 2649 pepuli-

139 2651 192 2703 sti
205 2650 370 2704 fbrcs?]
402 2649 463 2689 Sic
490 2652 619 2702 coepit
644 2652 804 2693 interro-

148 2718 251 2761 gare,
275 2718 311 2747 vt
331 2707 535 2759 negationi
555 2707 683 2748 locum
692 2720 803 2760 prae·

1390 1163 1498 1211 Mx.

838 1301 939 1342 beat.
998 1303 1045 1343 Et
1072 1312 1166 1343 nota
1194 1302 1388 1357 I’epuhsti,
1422 1304 1499 1345 ela-

841 1370 922 1398 tum
945 1359 1117 1407 verbum,
1137 1372 1175 1399 et
1187 1362 1330 1414 tragico
1344 1362 1499 1402 cothur-

840 1430 892 1454 no
911 1417 1045 1469 magiS,
1065 1418 1368 1468 quamloquelae
1385 1420 1501 1459 comi·

840 1484 909 1511 cae
936 1473 1281 1512 accommodatum.
1339 1477 1387 1515 D.

902 1541 926 1581 ς
964 1527 1092 1581 Ταεει]
1131 1532 1218 1569 Hoc
1253 1531 1353 1578 apud
1383 1528 1420 1569 se
1447 1532 1503 1570 10-

845 1586 972 1635 quitur
999 1585 1132 1625 Micio.
1193 1586 1332 1626 Mettus
1357 1587 1422 1642 est]
1457 1589 1505 1628 Et

844 1651 950 1688 non,
990 1638 1140 1679 Ludere
1173 1638 1309 1681 bonum
1337 1642 1406 1694 est:
1439 1641 1502 1683 sed

843 1695 996 1735 Melius.
1050 1699 1098 1736 Et
1124 1694 1200 1736 hoc
1226 1699 1394 1738 meliore
1413 1699 1506 1739 ass'e.

843 1752 905 1790 &u
925 1750 1034 1801 dixit,
1055 1766 1174 1804 quam
1192 1752 1218 1792 fi
1238 1753 1405 1805 diceret,
1435 1757 1506 1797 Di-

841 1819 941 1864 gnus
959 1808 1018 1860 est.
1071 1810 1121 1850 D.

900 1864 1000 1905 Illud
1039 1864 1209 1917 proximi
1245 1863 1372 1907 versus
1400 1866 1508 1909 Tacet

845 1932 1005 1973 occupat
1016 1920 1120 1973 apud
1129 1925 1320 1962 Faernurn
1332 1936 1370 1964 et
1379 1927 1506 1966 Benti.

845 1978 1082 2031 principium
1107 1977 1219 2017 huius
1243 1977 1384 2020 versus.
1412 1985 1452 2023 Z.

900 2036 926 2076 6
968 2033 1051 2073 Hoc
1088 2047 1274 2088 nunquam
1307 2035 1399 2075 mihi
1435 2036 1509 2090 ipsi

846 2090 968 2130 voluit
1002 2091 1165 2144 credere]
1217 2094 1364 2133 Contra
1398 2095 1508 2143 illud,

849 2146 952 2198 quod
971 2147 1041 2194 ait,
1080 2169 1193 2178 ———·
1231 2147 1416 2198 Postremo
1445 2153 1513 2190 alii

849 2202 1050 2243 clanculum
1081 2203 1212 2242 Patres
1238 2218 1328 2257 quae
1340 2206 1509 2257 finiunt,

851 2271 943 2312 quae
955 2261 1042 2312 fert
1059 2258 1312 2309 adolefientia,
1332 2262 1387 2301 Ea
1398 2276 1442 2302 ne
1456 2276 1511 2302 me

852 2316 949 2363 celet,
968 2314 1169 2365 conficescci
1183 2314 1321 2366 filium.
1381 2319 1512 2359 Crede.

854 2385 895 2411 re
915 2380 1046 2410 autem
1067 2384 1211 2424 magno
1231 2371 1373 2412 affeau
1401 2375 1511 2416 dixit.

853 2439 934 2466 non
963 2427 1071 2466 enim
1092 2426 1330 2477 confiteretur
1349 2441 1388 2469 vt
1414 2433 1512 2484 patri

854 2483 999 2535 (forte,
1021 2494 1182 2534 patruo:
1220 2495 1286 2524 aut
1321 2498 1412 2526 mox
1440 2502 1512 2540 pro

847 2541 999 2592 parenti
1019 2551 1170 2590 repone
1181 2540 1311 2592 fratri
1334 2545 1392 2595 Z.)
1405 2557 1415 2590 ;
1446 2544 1512 2586 sed

852 2597 1028 2691 fredam,
1046 2606 1086 2634 vt
1102 2597 1276 2648 parenti,
1303 2609 1368 2638 aut
1392 2597 1513 2643 sodali

869 2666 928 2691 uu.
989 2653 1038 2691 D.

906 2719 934 2760 7
963 2707 1057 2748 Non
1071 2706 1233 2761 equidem
1253 2707 1354 2765 istas]
1378 2713 1515 2809 Dessstl:

1464 2784 1485 2809 u
