<?xml version="1.0" encoding="UTF-8"?>
<!DOCTYPE html PUBLIC "-//W3C//DTD XHTML 1.0 Transitional//EN"
    "http://www.w3.org/TR/xhtml1/DTD/xhtml1-transitional.dtd">
<html xmlns="http://www.w3.org/1999/xhtml" xml:lang="en" lang="en">
 <head>
  <title>
</title>
<meta http-equiv="Content-Type" content="text/html;charset=utf-8" />
  <meta name='ocr-system' content='tesseract 3.04.00' />
  <meta name='ocr-capabilities' content='ocr_page ocr_carea ocr_par ocr_line ocrx_word'/>
</head>
<body>
  <div class='ocr_page' id='page_1' title='image "./comoediaesexexre02tereuoft_0346.png"; bbox 0 0 1875 3292; ppageno 0'>
   <div class='ocr_carea' id='block_1_1' title="bbox 424 202 516 262">
    <p class='ocr_par' dir='ltr' id='par_1_1' title="bbox 424 202 516 262">
     <span class='ocr_line' id='line_1_1' title="bbox 424 202 516 262; baseline -0.011 0"><span class='ocrx_word' id='word_1_1' title='bbox 424 202 516 262; x_wconf 79' lang='lat'>3¹8</span> 
     </span>
    </p>
   </div>
   <div class='ocr_carea' id='block_1_2' title="bbox 811 188 1383 238">
    <p class='ocr_par' dir='ltr' id='par_1_2' title="bbox 811 188 1383 238">
     <span class='ocr_line' id='line_1_2' title="bbox 811 188 1383 238; baseline 0 0"><span class='ocrx_word' id='word_1_2' title='bbox 811 191 967 238; x_wconf 81' lang='lat' dir='ltr'><strong>ACT.</strong></span> <span class='ocrx_word' id='word_1_3' title='bbox 994 190 1066 238; x_wconf 83' lang='lat'>111.</span> <span class='ocrx_word' id='word_1_4' title='bbox 1107 188 1300 238; x_wconf 85' lang='lat' dir='ltr'><strong>SCEN.</strong></span> <span class='ocrx_word' id='word_1_5' title='bbox 1329 192 1383 238; x_wconf 87' lang='lat' dir='ltr'>V.</span> 
     </span>
    </p>
   </div>
   <div class='ocr_carea' id='block_1_3' title="bbox 464 316 1775 543">
    <p class='ocr_par' dir='ltr' id='par_1_3' title="bbox 464 316 1775 543">
     <span class='ocr_line' id='line_1_3' title="bbox 552 316 1775 396; baseline -0.007 -25"><span class='ocrx_word' id='word_1_6' title='bbox 552 327 675 396; x_wconf 46' lang='lat' dir='ltr'>Nalm</span> <span class='ocrx_word' id='word_1_7' title='bbox 704 321 828 369; x_wconf 85' lang='lat' dir='ltr'>illum</span> <span class='ocrx_word' id='word_1_8' title='bbox 860 322 1011 367; x_wconf 84' lang='lat' dir='ltr'><strong>viuum</strong></span> <span class='ocrx_word' id='word_1_9' title='bbox 1032 329 1076 366; x_wconf 86' lang='lat' dir='ltr'>et</span> <span class='ocrx_word' id='word_1_10' title='bbox 1106 318 1270 368; x_wconf 85' lang='lat' dir='ltr'>saluum</span> <span class='ocrx_word' id='word_1_11' title='bbox 1288 319 1458 369; x_wconf 86' lang='lat' dir='ltr'>vellem.</span> <span class='ocrx_word' id='word_1_12' title='bbox 1496 316 1592 369; x_wconf 78' lang='grc' dir='ltr'>ΡΗ.</span> <span class='ocrx_word' id='word_1_13' title='bbox 1632 321 1775 388; x_wconf 80' lang='lat' dir='ltr'>impu.</span> 
     </span>
     <span class='ocr_line' id='line_1_4' title="bbox 649 393 1151 462; baseline -0.01 -16"><span class='ocrx_word' id='word_1_14' title='bbox 649 415 707 446; x_wconf 79' lang='lat' dir='ltr'>ne</span> <span class='ocrx_word' id='word_1_15' title='bbox 733 408 882 462; x_wconf 78' lang='lat' dir='ltr'>optare</span> <span class='ocrx_word' id='word_1_16' title='bbox 905 393 1010 441; x_wconf 83' lang='lat' dir='ltr'>istuc</span> <span class='ocrx_word' id='word_1_17' title='bbox 1033 395 1151 442; x_wconf 85' lang='lat' dir='ltr'>licet:</span> 
     </span>
     <span class='ocr_line' id='line_1_5' title="bbox 464 472 1773 543; baseline -0.005 -15"><span class='ocrx_word' id='word_1_18' title='bbox 464 496 484 528; x_wconf 84' lang='lat'>1</span> <span class='ocrx_word' id='word_1_19' title='bbox 498 494 523 543; x_wconf 81' lang='grc' dir='ltr'><strong><em>ς</em></strong></span> <span class='ocrx_word' id='word_1_20' title='bbox 555 476 633 525; x_wconf 91' lang='lat' dir='ltr'>llle</span> <span class='ocrx_word' id='word_1_21' title='bbox 653 472 880 521; x_wconf 86' lang='lat' dir='ltr'>reuiuiscet</span> <span class='ocrx_word' id='word_1_22' title='bbox 896 472 982 518; x_wconf 85' lang='lat' dir='ltr'>iam</span> <span class='ocrx_word' id='word_1_23' title='bbox 1001 487 1254 535; x_wconf 81' lang='lat' dir='ltr'>nunquam:</span> <span class='ocrx_word' id='word_1_24' title='bbox 1290 481 1334 518; x_wconf 85' lang='lat' dir='ltr'>et</span> <span class='ocrx_word' id='word_1_25' title='bbox 1351 482 1495 520; x_wconf 79' lang='lat' dir='ltr'>tamen</span> <span class='ocrx_word' id='word_1_26' title='bbox 1516 481 1665 521; x_wconf 84' lang='lat' dir='ltr'>vtrum</span> <span class='ocrx_word' id='word_1_27' title='bbox 1684 489 1773 521; x_wconf 80' lang='lat' dir='ltr'>ma-</span> 
     </span>
    </p>
   </div>
   <div class='ocr_carea' id='block_1_4' title="bbox 648 548 837 602">
    <p class='ocr_par' dir='ltr' id='par_1_4' title="bbox 648 548 837 602">
     <span class='ocr_line' id='line_1_6' title="bbox 648 548 837 602; baseline -0.016 -5"><span class='ocrx_word' id='word_1_28' title='bbox 648 551 715 602; x_wconf 87' lang='lat' dir='ltr'>lis,</span> <span class='ocrx_word' id='word_1_29' title='bbox 738 548 837 596; x_wconf 83' lang='lat' dir='ltr'><strong>scio.</strong></span> 
     </span>
    </p>
   </div>
   <div class='ocr_carea' id='block_1_5' title="bbox 538 619 1773 679">
    <p class='ocr_par' dir='ltr' id='par_1_5' title="bbox 538 619 1773 679">
     <span class='ocr_line' id='line_1_7' title="bbox 538 619 1773 679; baseline 0 -6"><span class='ocrx_word' id='word_1_30' title='bbox 538 625 659 679; x_wconf 78' lang='lat' dir='ltr'>LA.</span> <span class='ocrx_word' id='word_1_31' title='bbox 693 626 807 672; x_wconf 84' lang='lat' dir='ltr'>Heri</span> <span class='ocrx_word' id='word_1_32' title='bbox 825 621 1126 670; x_wconf 84' lang='lat' dir='ltr'>Philumenam</span> <span class='ocrx_word' id='word_1_33' title='bbox 1151 622 1206 670; x_wconf 85' lang='lat' dir='ltr'>ad</span> <span class='ocrx_word' id='word_1_34' title='bbox 1225 621 1269 670; x_wconf 86' lang='lat' dir='ltr'>se</span> <span class='ocrx_word' id='word_1_35' title='bbox 1287 619 1428 670; x_wconf 83' lang='lat' dir='ltr'>arceffi</span> <span class='ocrx_word' id='word_1_36' title='bbox 1447 623 1517 671; x_wconf 84' lang='lat' dir='ltr'>hic</span> <span class='ocrx_word' id='word_1_37' title='bbox 1538 621 1670 671; x_wconf 82' lang='lat' dir='ltr'>iuffit:</span> <span class='ocrx_word' id='word_1_38' title='bbox 1703 625 1773 674; x_wconf 84' lang='lat' dir='ltr'>die</span> 
     </span>
    </p>
   </div>
   <div class='ocr_carea' id='block_1_6' title="bbox 651 697 881 749">
    <p class='ocr_par' dir='ltr' id='par_1_6' title="bbox 651 697 881 749">
     <span class='ocr_line' id='line_1_8' title="bbox 651 697 881 749; baseline -0.022 0"><span class='ocrx_word' id='word_1_39' title='bbox 651 697 802 749; x_wconf 82' lang='lat' dir='ltr'>iuffisse</span> <span class='ocrx_word' id='word_1_40' title='bbox 823 709 881 745; x_wconf 88' lang='lat' dir='ltr'>te.</span> 
     </span>
    </p>
   </div>
   <div class='ocr_carea' id='block_1_7' title="bbox 550 769 1775 831">
    <p class='ocr_par' dir='ltr' id='par_1_7' title="bbox 550 769 1775 831">
     <span class='ocr_line' id='line_1_9' title="bbox 550 769 1775 831; baseline -0.004 -1"><span class='ocrx_word' id='word_1_41' title='bbox 550 777 650 831; x_wconf 80' lang='lat' dir='ltr'>PH.</span> <span class='ocrx_word' id='word_1_42' title='bbox 689 777 798 825; x_wconf 87' lang='lat' dir='ltr'>Noli</span> <span class='ocrx_word' id='word_1_43' title='bbox 817 775 982 822; x_wconf 80' lang='lat' dir='ltr'><strong>fodere.</strong></span> <span class='ocrx_word' id='word_1_44' title='bbox 1028 769 1136 821; x_wconf 84' lang='lat' dir='ltr'>iuffi.</span> <span class='ocrx_word' id='word_1_45' title='bbox 1167 769 1271 821; x_wconf 85' lang='lat' dir='ltr'>LA.</span> <span class='ocrx_word' id='word_1_46' title='bbox 1307 771 1379 822; x_wconf 83' lang='lat' dir='ltr'>sed</span> <span class='ocrx_word' id='word_1_47' title='bbox 1405 789 1501 823; x_wconf 82' lang='lat' dir='ltr'>eam</span> <span class='ocrx_word' id='word_1_48' title='bbox 1519 775 1604 822; x_wconf 81' lang='lat' dir='ltr'>iam</span> <span class='ocrx_word' id='word_1_49' title='bbox 1625 772 1775 826; x_wconf 54' lang='lat' dir='ltr'>temit-</span> 
     </span>
    </p>
   </div>
   <div class='ocr_carea' id='block_1_8' title="bbox 649 851 1085 902">
    <p class='ocr_par' dir='ltr' id='par_1_8' title="bbox 649 851 1085 902">
     <span class='ocr_line' id='line_1_10' title="bbox 649 851 1085 902; baseline -0.011 -1"><span class='ocrx_word' id='word_1_50' title='bbox 649 861 726 901; x_wconf 82' lang='lat' dir='ltr'>tet.</span> <span class='ocrx_word' id='word_1_51' title='bbox 765 851 864 902; x_wconf 82' lang='lat' dir='ltr'>PH.</span> <span class='ocrx_word' id='word_1_52' title='bbox 895 851 1085 900; x_wconf 83' lang='lat' dir='ltr'>scilicet.-</span> 
     </span>
    </p>
   </div>
   <div class='ocr_carea' id='block_1_9' title="bbox 406 1069 1070 2410">
    <p class='ocr_par' dir='ltr' id='par_1_9' title="bbox 406 1069 1070 1585">
     <span class='ocr_line' id='line_1_11' title="bbox 418 1069 1068 1131; baseline -0.014 -11"><span class='ocrx_word' id='word_1_53' title='bbox 418 1076 563 1131; x_wconf 80' lang='lat' dir='ltr'>aliquid</span> <span class='ocrx_word' id='word_1_54' title='bbox 583 1075 770 1116; x_wconf 53' lang='lat' dir='ltr'>relietum.</span> <span class='ocrx_word' id='word_1_55' title='bbox 824 1070 997 1126; x_wconf 63' lang='lat' dir='ltr'>Profiait]</span> <span class='ocrx_word' id='word_1_56' title='bbox 1023 1069 1068 1111; x_wconf 88' lang='lat' dir='ltr'>Id</span> 
     </span>
     <span class='ocr_line' id='line_1_12' title="bbox 418 1127 1070 1186; baseline -0.017 -9"><span class='ocrx_word' id='word_1_57' title='bbox 418 1134 483 1183; x_wconf 80' lang='lat' dir='ltr'>est,</span> <span class='ocrx_word' id='word_1_58' title='bbox 504 1147 573 1186; x_wconf 86' lang='lat' dir='ltr'>pro</span> <span class='ocrx_word' id='word_1_59' title='bbox 594 1132 706 1172; x_wconf 83' lang='lat' dir='ltr'>nobis</span> <span class='ocrx_word' id='word_1_60' title='bbox 725 1130 818 1170; x_wconf 87' lang='lat' dir='ltr'>fuit:</span> <span class='ocrx_word' id='word_1_61' title='bbox 847 1142 890 1169; x_wconf 82' lang='lat' dir='ltr'>ac</span> <span class='ocrx_word' id='word_1_62' title='bbox 910 1142 978 1181; x_wconf 79' lang='lat' dir='ltr'>per</span> <span class='ocrx_word' id='word_1_63' title='bbox 996 1127 1070 1167; x_wconf 85' lang='lat' dir='ltr'>hoe</span> 
     </span>
     <span class='ocr_line' id='line_1_13' title="bbox 417 1181 1069 1239; baseline -0.011 -8"><span class='ocrx_word' id='word_1_64' title='bbox 417 1190 590 1232; x_wconf 82' lang='lat' dir='ltr'>nostrum</span> <span class='ocrx_word' id='word_1_65' title='bbox 607 1183 682 1228; x_wconf 71' lang='lat' dir='ltr'>est.</span> <span class='ocrx_word' id='word_1_66' title='bbox 710 1184 832 1239; x_wconf 87' lang='lat' dir='ltr'>potest</span> <span class='ocrx_word' id='word_1_67' title='bbox 857 1187 964 1226; x_wconf 88' lang='lat' dir='ltr'>enim</span> <span class='ocrx_word' id='word_1_68' title='bbox 989 1181 1069 1235; x_wconf 76' lang='lat' dir='ltr'>ipse</span> 
     </span>
     <span class='ocr_line' id='line_1_14' title="bbox 419 1240 1067 1302; baseline -0.014 -15"><span class='ocrx_word' id='word_1_69' title='bbox 419 1243 611 1302; x_wconf 81' lang='lat' dir='ltr'>profuifl&#39;e‚</span> <span class='ocrx_word' id='word_1_70' title='bbox 633 1243 756 1297; x_wconf 85' lang='lat' dir='ltr'>potest</span> <span class='ocrx_word' id='word_1_71' title='bbox 771 1255 830 1282; x_wconf 88' lang='lat' dir='ltr'>res</span> <span class='ocrx_word' id='word_1_72' title='bbox 849 1243 946 1281; x_wconf 88' lang='lat' dir='ltr'>eius.</span> <span class='ocrx_word' id='word_1_73' title='bbox 990 1240 1067 1279; x_wconf 78' lang='lat' dir='ltr'>Into</span> 
     </span>
     <span class='ocr_line' id='line_1_15' title="bbox 414 1293 1067 1357; baseline -0.014 -13"><span class='ocrx_word' id='word_1_74' title='bbox 414 1302 558 1357; x_wconf 81' lang='lat' dir='ltr'>obfuit]</span> <span class='ocrx_word' id='word_1_75' title='bbox 587 1301 742 1347; x_wconf 83' lang='lat' dir='ltr'>Morem</span> <span class='ocrx_word' id='word_1_76' title='bbox 762 1311 895 1338; x_wconf 86' lang='lat' dir='ltr'>eorum</span> <span class='ocrx_word' id='word_1_77' title='bbox 919 1293 1067 1350; x_wconf 79' lang='lat' dir='ltr'>expres·</span> 
     </span>
     <span class='ocr_line' id='line_1_16' title="bbox 416 1354 1068 1411; baseline -0.015 -10"><span class='ocrx_word' id='word_1_78' title='bbox 416 1360 481 1409; x_wconf 81' lang='lat' dir='ltr'>fit,</span> <span class='ocrx_word' id='word_1_79' title='bbox 530 1357 667 1411; x_wconf 88' lang='lat' dir='ltr'><strong>quibus</strong></span> <span class='ocrx_word' id='word_1_80' title='bbox 707 1355 960 1406; x_wconf 72' lang='lat' dir='ltr'>relinquitur:</span> <span class='ocrx_word' id='word_1_81' title='bbox 1001 1354 1068 1405; x_wconf 88' lang='lat' dir='ltr'>qui</span> 
     </span>
     <span class='ocr_line' id='line_1_17' title="bbox 406 1406 1069 1469; baseline -0.015 -11"><span class='ocrx_word' id='word_1_82' title='bbox 406 1430 536 1469; x_wconf 80' lang='lat' dir='ltr'><strong>,quum</strong></span> <span class='ocrx_word' id='word_1_83' title='bbox 555 1413 748 1454; x_wconf 83' lang='lat' dir='ltr'>audierint</span> <span class='ocrx_word' id='word_1_84' title='bbox 765 1410 833 1450; x_wconf 82' lang='lat' dir='ltr'>fibi</span> <span class='ocrx_word' id='word_1_85' title='bbox 855 1408 1000 1462; x_wconf 85' lang='lat' dir='ltr'>aliquid</span> <span class='ocrx_word' id='word_1_86' title='bbox 1019 1406 1069 1450; x_wconf 90' lang='lat' dir='ltr'>es-</span> 
     </span>
     <span class='ocr_line' id='line_1_18' title="bbox 417 1463 1070 1520; baseline -0.014 -7"><span class='ocrx_word' id='word_1_87' title='bbox 417 1472 459 1513; x_wconf 87' lang='lat' dir='ltr'>se</span> <span class='ocrx_word' id='word_1_88' title='bbox 476 1471 661 1520; x_wconf 62' lang='lat' dir='ltr'>relffium,</span> <span class='ocrx_word' id='word_1_89' title='bbox 692 1479 784 1508; x_wconf 89' lang='lat' dir='ltr'>tunc</span> <span class='ocrx_word' id='word_1_90' title='bbox 802 1465 923 1507; x_wconf 80' lang='lat' dir='ltr'>tristes</span> <span class='ocrx_word' id='word_1_91' title='bbox 942 1463 980 1505; x_wconf 88' lang='lat' dir='ltr'>se</span> <span class='ocrx_word' id='word_1_92' title='bbox 998 1463 1070 1505; x_wconf 89' lang='lat' dir='ltr'>fin-</span> 
     </span>
     <span class='ocr_line' id='line_1_19' title="bbox 416 1529 631 1585; baseline -0.009 -17"><span class='ocrx_word' id='word_1_93' title='bbox 416 1538 526 1585; x_wconf 83' lang='lat' dir='ltr'>gunt.</span> <span class='ocrx_word' id='word_1_94' title='bbox 583 1529 631 1568; x_wconf 89' lang='lat' dir='ltr'>D.</span> 
     </span>
    </p>

    <p class='ocr_par' dir='ltr' id='par_1_10' title="bbox 414 1578 1067 1736">
     <span class='ocr_line' id='line_1_20' title="bbox 471 1578 1067 1625; baseline -0.013 0"><span class='ocrx_word' id='word_1_95' title='bbox 471 1584 534 1625; x_wconf 90' lang='lat' dir='ltr'>Ob</span> <span class='ocrx_word' id='word_1_96' title='bbox 554 1580 871 1623; x_wconf 82' lang='lat' dir='ltr'>consuetudinem</span> <span class='ocrx_word' id='word_1_97' title='bbox 891 1578 1067 1618; x_wconf 83' lang='lat' dir='ltr'>Terentii</span> 
     </span>
     <span class='ocr_line' id='line_1_21' title="bbox 414 1633 1066 1692; baseline -0.014 -12"><span class='ocrx_word' id='word_1_98' title='bbox 414 1642 549 1680; x_wconf 86' lang='lat' dir='ltr'>malim</span> <span class='ocrx_word' id='word_1_99' title='bbox 576 1640 674 1692; x_wconf 77' lang='lat' dir='ltr'>legi,</span> <span class='ocrx_word' id='word_1_100' title='bbox 701 1637 817 1677; x_wconf 87' lang='lat' dir='ltr'><em>Immo</em></span> <span class='ocrx_word' id='word_1_101' title='bbox 844 1648 931 1675; x_wconf 76' lang='lat' dir='ltr'>vero</span> <span class='ocrx_word' id='word_1_102' title='bbox 963 1633 1066 1686; x_wconf 78' lang='lat' dir='ltr'><em>obfu-</em></span> 
     </span>
     <span class='ocr_line' id='line_1_22' title="bbox 415 1699 559 1736; baseline -0.014 0"><span class='ocrx_word' id='word_1_103' title='bbox 415 1699 460 1736; x_wconf 83' lang='lat' dir='ltr'>it.</span> <span class='ocrx_word' id='word_1_104' title='bbox 516 1700 559 1736; x_wconf 91' lang='lat' dir='ltr'>B.</span> 
     </span>
    </p>

    <p class='ocr_par' dir='ltr' id='par_1_11' title="bbox 412 1743 1067 2410">
     <span class='ocr_line' id='line_1_23' title="bbox 473 1743 1065 1804; baseline -0.019 -10"><span class='ocrx_word' id='word_1_105' title='bbox 473 1764 524 1804; x_wconf 93' lang='lat'>14</span> <span class='ocrx_word' id='word_1_106' title='bbox 550 1750 652 1790; x_wconf 79' lang='lat' dir='ltr'>Nam</span> <span class='ocrx_word' id='word_1_107' title='bbox 671 1750 769 1788; x_wconf 77' lang='lat' dir='ltr'><em>illum</em></span> <span class='ocrx_word' id='word_1_108' title='bbox 786 1747 924 1795; x_wconf 79' lang='lat' dir='ltr'><em>viuum,</em></span> <span class='ocrx_word' id='word_1_109' title='bbox 945 1757 979 1784; x_wconf 82' lang='lat' dir='ltr'>et</span> <span class='ocrx_word' id='word_1_110' title='bbox 988 1743 1065 1795; x_wconf 64' lang='lat' dir='ltr'><em>sivl-</em></span> 
     </span>
     <span class='ocr_line' id='line_1_24' title="bbox 414 1800 1064 1860; baseline -0.017 -10"><span class='ocrx_word' id='word_1_111' title='bbox 414 1821 499 1850; x_wconf 74' lang='lat' dir='ltr'>uum</span> <span class='ocrx_word' id='word_1_112' title='bbox 516 1805 657 1860; x_wconf 79' lang='lat' dir='ltr'>vellem]</span> <span class='ocrx_word' id='word_1_113' title='bbox 683 1807 771 1844; x_wconf 88' lang='lat' dir='ltr'>Non</span> <span class='ocrx_word' id='word_1_114' title='bbox 797 1800 900 1841; x_wconf 84' lang='lat' dir='ltr'>idem</span> <span class='ocrx_word' id='word_1_115' title='bbox 920 1801 1064 1848; x_wconf 84' lang='lat' dir='ltr'><em>Viuum,</em></span> 
     </span>
     <span class='ocr_line' id='line_1_25' title="bbox 416 1858 1066 1918; baseline -0.015 -14"><span class='ocrx_word' id='word_1_116' title='bbox 416 1863 520 1918; x_wconf 83' lang='lat' dir='ltr'>quod</span> <span class='ocrx_word' id='word_1_117' title='bbox 545 1861 702 1903; x_wconf 78' lang='lat' dir='ltr'><strong><em>Saluum.</em></strong></span> <span class='ocrx_word' id='word_1_118' title='bbox 758 1858 905 1910; x_wconf 83' lang='lat' dir='ltr'><em>Impune</em></span> <span class='ocrx_word' id='word_1_119' title='bbox 938 1868 1066 1909; x_wconf 79' lang='lat' dir='ltr'>optare</span> 
     </span>
     <span class='ocr_line' id='line_1_26' title="bbox 417 1913 1066 1972; baseline -0.015 -12"><span class='ocrx_word' id='word_1_120' title='bbox 417 1920 505 1972; x_wconf 69' lang='lat' dir='ltr'>astuc</span> <span class='ocrx_word' id='word_1_121' title='bbox 523 1919 624 1972; x_wconf 85' lang='lat' dir='ltr'>licet]</span> <span class='ocrx_word' id='word_1_122' title='bbox 651 1921 758 1960; x_wconf 82' lang='lat' dir='ltr'>Bene</span> <span class='ocrx_word' id='word_1_123' title='bbox 778 1916 948 1966; x_wconf 81' lang='lat' dir='ltr'><em>Impune:</em></span> <span class='ocrx_word' id='word_1_124' title='bbox 973 1913 1066 1964; x_wconf 88' lang='lat' dir='ltr'>quia</span> 
     </span>
     <span class='ocr_line' id='line_1_27' title="bbox 414 1971 1065 2027; baseline -0.018 -10"><span class='ocrx_word' id='word_1_125' title='bbox 414 1977 552 2017; x_wconf 85' lang='lat' dir='ltr'>heredi</span> <span class='ocrx_word' id='word_1_126' title='bbox 575 1987 706 2027; x_wconf 84' lang='lat' dir='ltr'>poena</span> <span class='ocrx_word' id='word_1_127' title='bbox 721 1971 784 2019; x_wconf 86' lang='lat' dir='ltr'>est,</span> <span class='ocrx_word' id='word_1_128' title='bbox 815 1979 984 2009; x_wconf 84' lang='lat' dir='ltr'>mortuos</span> <span class='ocrx_word' id='word_1_129' title='bbox 1004 1980 1065 2007; x_wconf 88' lang='lat' dir='ltr'>re-</span> 
     </span>
     <span class='ocr_line' id='line_1_28' title="bbox 412 2025 1067 2077; baseline -0.017 -4"><span class='ocrx_word' id='word_1_130' title='bbox 412 2030 616 2073; x_wconf 81' lang='lat' dir='ltr'>uiuiscere.</span> <span class='ocrx_word' id='word_1_131' title='bbox 673 2034 750 2077; x_wconf 85' lang='lat' dir='ltr'>An,</span> <span class='ocrx_word' id='word_1_132' title='bbox 769 2026 850 2066; x_wconf 78' lang='lat' dir='ltr'>fine</span> <span class='ocrx_word' id='word_1_133' title='bbox 861 2025 1067 2064; x_wconf 83' lang='lat' dir='ltr'>detrimen-</span> 
     </span>
     <span class='ocr_line' id='line_1_29' title="bbox 414 2080 1064 2140; baseline -0.02 -9"><span class='ocrx_word' id='word_1_134' title='bbox 414 2100 456 2131; x_wconf 75' lang='lat' dir='ltr'>to</span> <span class='ocrx_word' id='word_1_135' title='bbox 476 2088 606 2140; x_wconf 84' lang='lat' dir='ltr'>optas?</span> <span class='ocrx_word' id='word_1_136' title='bbox 635 2096 672 2125; x_wconf 93' lang='lat' dir='ltr'>vt</span> <span class='ocrx_word' id='word_1_137' title='bbox 689 2097 810 2137; x_wconf 88' lang='lat' dir='ltr'>quum</span> <span class='ocrx_word' id='word_1_138' title='bbox 826 2081 996 2121; x_wconf 73' lang='lat' dir='ltr'>medicus</span> <span class='ocrx_word' id='word_1_139' title='bbox 1009 2080 1064 2119; x_wconf 84' lang='lat' dir='ltr'>di-</span> 
     </span>
     <span class='ocr_line' id='line_1_30' title="bbox 414 2136 1064 2193; baseline -0.02 -7"><span class='ocrx_word' id='word_1_140' title='bbox 414 2148 467 2186; x_wconf 80' lang='lat' dir='ltr'>cit</span> <span class='ocrx_word' id='word_1_141' title='bbox 487 2145 537 2184; x_wconf 87' lang='lat' dir='ltr'>de</span> <span class='ocrx_word' id='word_1_142' title='bbox 553 2146 629 2184; x_wconf 82' lang='lat' dir='ltr'>iam</span> <span class='ocrx_word' id='word_1_143' title='bbox 641 2151 805 2189; x_wconf 67' lang='lat' dir='ltr'>monuo,</span> <span class='ocrx_word' id='word_1_144' title='bbox 824 2138 947 2193; x_wconf 77' lang='lat' dir='ltr'><em>Egosz</em></span> <span class='ocrx_word' id='word_1_145' title='bbox 965 2136 1064 2175; x_wconf 81' lang='lat' dir='ltr'><em>illum</em></span> 
     </span>
     <span class='ocr_line' id='line_1_31' title="bbox 417 2196 1061 2249; baseline -0.016 -8"><span class='ocrx_word' id='word_1_146' title='bbox 417 2215 596 2249; x_wconf 82' lang='lat' dir='ltr'><em>curarem,</em></span> <span class='ocrx_word' id='word_1_147' title='bbox 607 2202 759 2239; x_wconf 79' lang='lat' dir='ltr'>viueret.</span> <span class='ocrx_word' id='word_1_148' title='bbox 801 2196 949 2246; x_wconf 79' lang='lat' dir='ltr'><strong><em>Impune</em></strong></span> <span class='ocrx_word' id='word_1_149' title='bbox 960 2205 1061 2246; x_wconf 77' lang='lat' dir='ltr'>optet-</span> 
     </span>
     <span class='ocr_line' id='line_1_32' title="bbox 413 2255 1063 2308; baseline -0.02 -9"><span class='ocrx_word' id='word_1_150' title='bbox 413 2257 472 2306; x_wconf 85' lang='lat' dir='ltr'>re]</span> <span class='ocrx_word' id='word_1_151' title='bbox 502 2259 541 2298; x_wconf 81' lang='lat' dir='ltr'>Si</span> <span class='ocrx_word' id='word_1_152' title='bbox 561 2266 689 2308; x_wconf 77' lang='lat' dir='ltr'>optata</span> <span class='ocrx_word' id='word_1_153' title='bbox 706 2255 932 2302; x_wconf 70' lang='lat' dir='ltr'>euenit-enq,</span> <span class='ocrx_word' id='word_1_154' title='bbox 964 2263 1063 2288; x_wconf 83' lang='lat' dir='ltr'>nun·</span> 
     </span>
     <span class='ocr_line' id='line_1_33' title="bbox 413 2306 1062 2366; baseline -0.014 -13"><span class='ocrx_word' id='word_1_155' title='bbox 413 2327 548 2366; x_wconf 79' lang='lat' dir='ltr'>quam,</span> <span class='ocrx_word' id='word_1_156' title='bbox 577 2312 720 2364; x_wconf 82' lang='lat' dir='ltr'>inquit,</span> <span class='ocrx_word' id='word_1_157' title='bbox 755 2319 906 2361; x_wconf 84' lang='lat' dir='ltr'>optares</span> <span class='ocrx_word' id='word_1_158' title='bbox 931 2316 969 2346; x_wconf 80' lang='lat' dir='ltr'>vt</span> <span class='ocrx_word' id='word_1_159' title='bbox 995 2306 1062 2345; x_wconf 86' lang='lat' dir='ltr'>ille</span> 
     </span>
     <span class='ocr_line' id='line_1_34' title="bbox 413 2366 770 2410; baseline -0.017 0"><span class='ocrx_word' id='word_1_160' title='bbox 413 2366 668 2410; x_wconf 79' lang='lat' dir='ltr'>reuiuisceret.</span> <span class='ocrx_word' id='word_1_161' title='bbox 722 2367 770 2406; x_wconf 81' lang='lat' dir='ltr'>D.</span> 
     </span>
    </p>
   </div>
   <div class='ocr_carea' id='block_1_10' title="bbox 1619 924 1774 978">
    <p class='ocr_par' dir='ltr' id='par_1_12' title="bbox 1619 924 1774 978">
     <span class='ocr_line' id='line_1_35' title="bbox 1619 924 1774 978; baseline -0.026 -2"><span class='ocrx_word' id='word_1_162' title='bbox 1619 924 1774 978; x_wconf 70' lang='lat' dir='ltr'>PAM.</span> 
     </span>
    </p>
   </div>
   <div class='ocr_carea' id='block_1_11' title="bbox 1116 1069 1786 1290">
    <p class='ocr_par' dir='ltr' id='par_1_13' title="bbox 1116 1069 1786 1290">
     <span class='ocr_line' id='line_1_36' title="bbox 1116 1069 1769 1128; baseline 0.002 -18"><span class='ocrx_word' id='word_1_163' title='bbox 1116 1069 1177 1110; x_wconf 82' lang='lat' dir='ltr'>Et&#39;</span> <span class='ocrx_word' id='word_1_164' title='bbox 1205 1083 1327 1111; x_wconf 72' lang='lat' dir='ltr'>tamen</span> <span class='ocrx_word' id='word_1_165' title='bbox 1353 1083 1479 1112; x_wconf 79' lang='lat' dir='ltr'><em>vtrum</em></span> <span class='ocrx_word' id='word_1_166' title='bbox 1505 1071 1636 1120; x_wconf 47' lang='lat' dir='ltr'><em>malin</em></span> <span class='ocrx_word' id='word_1_167' title='bbox 1665 1071 1769 1128; x_wconf 81' lang='lat' dir='ltr'><em>fiio]</em></span> 
     </span>
     <span class='ocr_line' id='line_1_37' title="bbox 1118 1126 1786 1179; baseline 0.001 -13"><span class='ocrx_word' id='word_1_168' title='bbox 1118 1127 1226 1179; x_wconf 87' lang='lat' dir='ltr'>Quid</span> <span class='ocrx_word' id='word_1_169' title='bbox 1252 1128 1359 1167; x_wconf 84' lang='lat' dir='ltr'>malis</span> <span class='ocrx_word' id='word_1_170' title='bbox 1388 1127 1438 1167; x_wconf 87' lang='lat' dir='ltr'>de</span> <span class='ocrx_word' id='word_1_171' title='bbox 1468 1127 1638 1177; x_wconf 82' lang='lat' dir='ltr'>duobus,</span> <span class='ocrx_word' id='word_1_172' title='bbox 1670 1126 1786 1171; x_wconf 67' lang='lat' dir='ltr'>scioz.</span> 
     </span>
     <span class='ocr_line' id='line_1_38' title="bbox 1118 1184 1770 1237; baseline 0.005 -15"><span class='ocrx_word' id='word_1_173' title='bbox 1118 1195 1243 1223; x_wconf 86' lang='lat' dir='ltr'>vtrum</span> <span class='ocrx_word' id='word_1_174' title='bbox 1267 1184 1376 1223; x_wconf 86' lang='lat' dir='ltr'>illum</span> <span class='ocrx_word' id='word_1_175' title='bbox 1399 1195 1595 1224; x_wconf 84' lang='lat' dir='ltr'>mortuum</span> <span class='ocrx_word' id='word_1_176' title='bbox 1621 1197 1770 1237; x_wconf 80' lang='lat' dir='ltr'>perma-</span> 
     </span>
     <span class='ocr_line' id='line_1_39' title="bbox 1117 1237 1660 1290; baseline 0 -10"><span class='ocrx_word' id='word_1_177' title='bbox 1117 1253 1226 1290; x_wconf 86' lang='lat' dir='ltr'>nere,</span> <span class='ocrx_word' id='word_1_178' title='bbox 1246 1254 1294 1279; x_wconf 84' lang='lat' dir='ltr'>an</span> <span class='ocrx_word' id='word_1_179' title='bbox 1312 1237 1555 1280; x_wconf 79' lang='lat' dir='ltr'>reuiuiscere.</span> <span class='ocrx_word' id='word_1_180' title='bbox 1612 1243 1660 1282; x_wconf 91' lang='lat' dir='ltr'>D.</span> 
     </span>
    </p>
   </div>
   <div class='ocr_carea' id='block_1_12' title="bbox 1109 1352 1772 2412">
    <p class='ocr_par' dir='ltr' id='par_1_14' title="bbox 1111 1352 1772 1962">
     <span class='ocr_line' id='line_1_40' title="bbox 1174 1352 1772 1407; baseline 0.005 -16"><span class='ocrx_word' id='word_1_181' title='bbox 1174 1355 1223 1396; x_wconf 92' lang='lat'>16</span> <span class='ocrx_word' id='word_1_182' title='bbox 1254 1352 1348 1392; x_wconf 82' lang='lat' dir='ltr'><em>Heri</em></span> <span class='ocrx_word' id='word_1_183' title='bbox 1383 1352 1649 1407; x_wconf 84' lang='lat' dir='ltr'><em>Philumenam]</em></span> <span class='ocrx_word' id='word_1_184' title='bbox 1680 1355 1772 1394; x_wconf 79' lang='lat' dir='ltr'>Hoc</span> 
     </span>
     <span class='ocr_line' id='line_1_41' title="bbox 1117 1409 1769 1461; baseline 0.002 -13"><span class='ocrx_word' id='word_1_185' title='bbox 1117 1420 1216 1459; x_wconf 81' lang='lat' dir='ltr'>erat,</span> <span class='ocrx_word' id='word_1_186' title='bbox 1244 1422 1319 1461; x_wconf 87' lang='lat' dir='ltr'>quo</span> <span class='ocrx_word' id='word_1_187' title='bbox 1338 1410 1464 1448; x_wconf 81' lang='lat' dir='ltr'>omnis</span> <span class='ocrx_word' id='word_1_188' title='bbox 1484 1409 1664 1448; x_wconf 79' lang='lat' dir='ltr'>tendebat</span> <span class='ocrx_word' id='word_1_189' title='bbox 1691 1423 1769 1449; x_wconf 80' lang='lat' dir='ltr'>ora-</span> 
     </span>
     <span class='ocr_line' id='line_1_42' title="bbox 1119 1462 1765 1521; baseline 0.002 -17"><span class='ocrx_word' id='word_1_190' title='bbox 1119 1466 1183 1505; x_wconf 86' lang='lat' dir='ltr'>tio.</span> <span class='ocrx_word' id='word_1_191' title='bbox 1246 1466 1307 1505; x_wconf 87' lang='lat' dir='ltr'>Ad</span> <span class='ocrx_word' id='word_1_192' title='bbox 1329 1464 1376 1516; x_wconf 73' lang='lat' dir='ltr'>stt</span> <span class='ocrx_word' id='word_1_193' title='bbox 1408 1462 1529 1518; x_wconf 83' lang='lat' dir='ltr'><em>arceffi</em></span> <span class='ocrx_word' id='word_1_194' title='bbox 1564 1465 1625 1505; x_wconf 85' lang='lat' dir='ltr'>hic</span> <span class='ocrx_word' id='word_1_195' title='bbox 1648 1464 1765 1521; x_wconf 84' lang='lat' dir='ltr'>iuffit]</span> 
     </span>
     <span class='ocr_line' id='line_1_43' title="bbox 1117 1519 1768 1575; baseline -0.002 -13"><span class='ocrx_word' id='word_1_196' title='bbox 1117 1524 1224 1562; x_wconf 87' lang='lat' dir='ltr'>Bene</span> <span class='ocrx_word' id='word_1_197' title='bbox 1247 1531 1287 1560; x_wconf 87' lang='lat' dir='ltr'>et</span> <span class='ocrx_word' id='word_1_198' title='bbox 1306 1519 1438 1575; x_wconf 83' lang='lat' dir='ltr'><em>Arceffi</em></span> <span class='ocrx_word' id='word_1_199' title='bbox 1456 1533 1494 1560; x_wconf 88' lang='lat' dir='ltr'>et</span> <span class='ocrx_word' id='word_1_200' title='bbox 1508 1519 1626 1574; x_wconf 84' lang='lat' dir='ltr'><em>Iuffit:</em></span> <span class='ocrx_word' id='word_1_201' title='bbox 1657 1533 1693 1561; x_wconf 83' lang='lat' dir='ltr'>vt</span> <span class='ocrx_word' id='word_1_202' title='bbox 1711 1523 1768 1561; x_wconf 88' lang='lat' dir='ltr'>ni·</span> 
     </span>
     <span class='ocr_line' id='line_1_44' title="bbox 1115 1574 1764 1629; baseline 0.002 -13"><span class='ocrx_word' id='word_1_203' title='bbox 1115 1577 1169 1616; x_wconf 82' lang='lat' dir='ltr'>hil</span> <span class='ocrx_word' id='word_1_204' title='bbox 1209 1591 1301 1616; x_wconf 59' lang='lat' dir='ltr'>mor</span> <span class='ocrx_word' id='word_1_205' title='bbox 1337 1574 1397 1616; x_wconf 85' lang='lat' dir='ltr'>sua</span> <span class='ocrx_word' id='word_1_206' title='bbox 1438 1574 1577 1629; x_wconf 88' lang='lat' dir='ltr'>sponte</span> <span class='ocrx_word' id='word_1_207' title='bbox 1615 1577 1764 1617; x_wconf 84' lang='lat' dir='ltr'>fecerit.</span> 
     </span>
     <span class='ocr_line' id='line_1_45' title="bbox 1113 1627 1767 1687; baseline 0 -15"><span class='ocrx_word' id='word_1_208' title='bbox 1113 1635 1210 1673; x_wconf 82' lang='lat' dir='ltr'>Heri</span> <span class='ocrx_word' id='word_1_209' title='bbox 1237 1633 1484 1672; x_wconf 81' lang='lat' dir='ltr'><em>Philumenam</em></span> <span class='ocrx_word' id='word_1_210' title='bbox 1510 1633 1559 1672; x_wconf 89' lang='lat' dir='ltr'>ad</span> <span class='ocrx_word' id='word_1_211' title='bbox 1569 1632 1615 1682; x_wconf 81' lang='lat' dir='ltr'>st·</span> <span class='ocrx_word' id='word_1_212' title='bbox 1640 1627 1767 1687; x_wconf 75' lang='lat' dir='ltr'><em>arceffl</em></span> 
     </span>
     <span class='ocr_line' id='line_1_46' title="bbox 1113 1687 1765 1742; baseline 0.002 -14"><span class='ocrx_word' id='word_1_213' title='bbox 1113 1689 1170 1728; x_wconf 83' lang='lat' dir='ltr'>hic</span> <span class='ocrx_word' id='word_1_214' title='bbox 1190 1687 1303 1742; x_wconf 81' lang='lat' dir='ltr'><em>iuffit]</em></span> <span class='ocrx_word' id='word_1_215' title='bbox 1332 1693 1381 1729; x_wconf 87' lang='lat' dir='ltr'>Et</span> <span class='ocrx_word' id='word_1_216' title='bbox 1390 1689 1483 1726; x_wconf 85' lang='lat' dir='ltr'>Heri</span> <span class='ocrx_word' id='word_1_217' title='bbox 1503 1699 1541 1726; x_wconf 88' lang='lat' dir='ltr'>et</span> <span class='ocrx_word' id='word_1_218' title='bbox 1561 1688 1674 1742; x_wconf 84' lang='lat' dir='ltr'><em>Iuffit,</em></span> <span class='ocrx_word' id='word_1_219' title='bbox 1695 1689 1765 1729; x_wconf 89' lang='lat' dir='ltr'>be·</span> 
     </span>
     <span class='ocr_line' id='line_1_47' title="bbox 1113 1744 1763 1793; baseline 0.003 -10"><span class='ocrx_word' id='word_1_220' title='bbox 1113 1756 1185 1783; x_wconf 89' lang='lat' dir='ltr'>ne:</span> <span class='ocrx_word' id='word_1_221' title='bbox 1215 1754 1253 1782; x_wconf 89' lang='lat' dir='ltr'>vt</span> <span class='ocrx_word' id='word_1_222' title='bbox 1271 1744 1393 1782; x_wconf 83' lang='lat' dir='ltr'>breue</span> <span class='ocrx_word' id='word_1_223' title='bbox 1415 1755 1566 1793; x_wconf 81' lang='lat' dir='ltr'>tempus</span> <span class='ocrx_word' id='word_1_224' title='bbox 1579 1744 1628 1792; x_wconf 79' lang='lat' dir='ltr'>i&#39;ir,</span> <span class='ocrx_word' id='word_1_225' title='bbox 1650 1756 1763 1785; x_wconf 88' lang='lat' dir='ltr'>etco-</span> 
     </span>
     <span class='ocr_line' id='line_1_48' title="bbox 1111 1796 1764 1842; baseline 0.003 -3"><span class='ocrx_word' id='word_1_226' title='bbox 1111 1801 1189 1839; x_wconf 53' lang='lat' dir='ltr'>aeta</span> <span class='ocrx_word' id='word_1_227' title='bbox 1224 1799 1395 1838; x_wconf 81' lang='lat' dir='ltr'>videatur</span> <span class='ocrx_word' id='word_1_228' title='bbox 1423 1796 1549 1838; x_wconf 73' lang='lat' dir='ltr'>exifl&#39;e.</span> <span class='ocrx_word' id='word_1_229' title='bbox 1604 1803 1650 1840; x_wconf 87' lang='lat' dir='ltr'>Et</span> <span class='ocrx_word' id='word_1_230' title='bbox 1679 1815 1764 1842; x_wconf 84' lang='lat' dir='ltr'>non</span> 
     </span>
     <span class='ocr_line' id='line_1_49' title="bbox 1112 1853 1763 1908; baseline 0.006 -14"><span class='ocrx_word' id='word_1_231' title='bbox 1112 1854 1270 1901; x_wconf 74' lang='lat' dir='ltr'><em>Abduci,</em></span> <span class='ocrx_word' id='word_1_232' title='bbox 1294 1854 1354 1895; x_wconf 89' lang='lat' dir='ltr'>sed</span> <span class='ocrx_word' id='word_1_233' title='bbox 1375 1853 1527 1908; x_wconf 79' lang='lat' dir='ltr'><em>Arccffi:</em></span> <span class='ocrx_word' id='word_1_234' title='bbox 1559 1860 1677 1897; x_wconf 79' lang='lat' dir='ltr'>necA</span> <span class='ocrx_word' id='word_1_235' title='bbox 1697 1871 1763 1898; x_wconf 85' lang='lat' dir='ltr'>no-</span> 
     </span>
     <span class='ocr_line' id='line_1_50' title="bbox 1114 1909 1516 1962; baseline 0 -12"><span class='ocrx_word' id='word_1_236' title='bbox 1114 1909 1181 1960; x_wconf 81' lang='lat' dir='ltr'><em>bis,</em></span> <span class='ocrx_word' id='word_1_237' title='bbox 1207 1909 1269 1950; x_wconf 86' lang='lat' dir='ltr'>sed</span> <span class='ocrx_word' id='word_1_238' title='bbox 1289 1910 1410 1962; x_wconf 75' lang='lat' dir='ltr'><em>Adfi.</em></span> <span class='ocrx_word' id='word_1_239' title='bbox 1466 1916 1516 1953; x_wconf 88' lang='lat' dir='ltr'>D.</span> 
     </span>
    </p>

    <p class='ocr_par' dir='ltr' id='par_1_15' title="bbox 1109 1966 1762 2412">
     <span class='ocr_line' id='line_1_51' title="bbox 1169 1966 1762 2020; baseline -0.003 -13"><span class='ocrx_word' id='word_1_240' title='bbox 1169 1966 1263 2007; x_wconf 84' lang='lat' dir='ltr'>Heri</span> <span class='ocrx_word' id='word_1_241' title='bbox 1290 1967 1533 2006; x_wconf 83' lang='lat' dir='ltr'><em>Philumenam</em></span> <span class='ocrx_word' id='word_1_242' title='bbox 1566 1968 1616 2007; x_wconf 83' lang='lat' dir='ltr'>ad</span> <span class='ocrx_word' id='word_1_243' title='bbox 1628 1968 1673 2020; x_wconf 73' lang='lat' dir='ltr'><em>st</em></span> <span class='ocrx_word' id='word_1_244' title='bbox 1697 1984 1762 2011; x_wconf 79' lang='lat' dir='ltr'>ar.</span> 
     </span>
     <span class='ocr_line' id='line_1_52' title="bbox 1114 2021 1762 2078; baseline 0.008 -17"><span class='ocrx_word' id='word_1_245' title='bbox 1114 2021 1191 2078; x_wconf 82' lang='lat' dir='ltr'>ceffi</span> <span class='ocrx_word' id='word_1_246' title='bbox 1215 2023 1270 2062; x_wconf 89' lang='lat' dir='ltr'>hic</span> <span class='ocrx_word' id='word_1_247' title='bbox 1298 2024 1412 2078; x_wconf 84' lang='lat' dir='ltr'><em>iuffit]</em></span> <span class='ocrx_word' id='word_1_248' title='bbox 1448 2023 1563 2075; x_wconf 83' lang='lat' dir='ltr'>Quafi</span> <span class='ocrx_word' id='word_1_249' title='bbox 1592 2024 1762 2066; x_wconf 73' lang='lat' dir='ltr'>nescien-</span> 
     </span>
     <span class='ocr_line' id='line_1_53' title="bbox 1113 2079 1762 2132; baseline 0.006 -14"><span class='ocrx_word' id='word_1_250' title='bbox 1113 2081 1158 2118; x_wconf 83' lang='lat' dir='ltr'>tis</span> <span class='ocrx_word' id='word_1_251' title='bbox 1185 2080 1392 2132; x_wconf 71' lang='lat' dir='ltr'>(uestienci;</span> <span class='ocrx_word' id='word_1_252' title='bbox 1431 2091 1504 2128; x_wconf 83' lang='lat' dir='ltr'>aut,</span> <span class='ocrx_word' id='word_1_253' title='bbox 1534 2079 1578 2119; x_wconf 79' lang='lat' dir='ltr'>ob</span> <span class='ocrx_word' id='word_1_254' title='bbox 1606 2082 1762 2132; x_wconf 71' lang='lat' dir='ltr'>rusticu-</span> 
     </span>
     <span class='ocr_line' id='line_1_54' title="bbox 1111 2134 1762 2189; baseline 0.006 -14"><span class='ocrx_word' id='word_1_255' title='bbox 1111 2149 1182 2175; x_wconf 86' lang='lat' dir='ltr'>tem</span> <span class='ocrx_word' id='word_1_256' title='bbox 1199 2139 1257 2189; x_wconf 91' lang='lat' dir='ltr'>Z.)</span> <span class='ocrx_word' id='word_1_257' title='bbox 1280 2134 1403 2176; x_wconf 81' lang='lat' dir='ltr'>causas</span> <span class='ocrx_word' id='word_1_258' title='bbox 1423 2135 1494 2174; x_wconf 81' lang='lat' dir='ltr'>hoe</span> <span class='ocrx_word' id='word_1_259' title='bbox 1513 2137 1762 2180; x_wconf 74' lang='lat' dir='ltr'>mendacium</span> 
     </span>
     <span class='ocr_line' id='line_1_55' title="bbox 1112 2190 1760 2245; baseline 0 -15"><span class='ocrx_word' id='word_1_260' title='bbox 1112 2190 1288 2245; x_wconf 79' lang='lat' dir='ltr'>fingitur,</span> <span class='ocrx_word' id='word_1_261' title='bbox 1319 2192 1423 2245; x_wconf 86' lang='lat' dir='ltr'>quod</span> <span class='ocrx_word' id='word_1_262' title='bbox 1441 2203 1549 2244; x_wconf 86' lang='lat' dir='ltr'>pater</span> <span class='ocrx_word' id='word_1_263' title='bbox 1565 2192 1760 2233; x_wconf 76' lang='lat' dir='ltr'>Philume-</span> 
     </span>
     <span class='ocr_line' id='line_1_56' title="bbox 1111 2247 1759 2297; baseline 0.003 -11"><span class='ocrx_word' id='word_1_264' title='bbox 1111 2261 1202 2288; x_wconf 78' lang='lat' dir='ltr'>nam</span> <span class='ocrx_word' id='word_1_265' title='bbox 1224 2249 1304 2287; x_wconf 82' lang='lat' dir='ltr'>heri</span> <span class='ocrx_word' id='word_1_266' title='bbox 1326 2248 1548 2288; x_wconf 80' lang='lat' dir='ltr'>arceffierit:</span> <span class='ocrx_word' id='word_1_267' title='bbox 1578 2247 1616 2287; x_wconf 88' lang='lat' dir='ltr'>id</span> <span class='ocrx_word' id='word_1_268' title='bbox 1629 2249 1691 2297; x_wconf 87' lang='lat' dir='ltr'>est,</span> <span class='ocrx_word' id='word_1_269' title='bbox 1708 2250 1759 2291; x_wconf 85' lang='lat' dir='ltr'>ad</span> 
     </span>
     <span class='ocr_line' id='line_1_57' title="bbox 1109 2302 1760 2354; baseline 0.005 -12"><span class='ocrx_word' id='word_1_270' title='bbox 1109 2302 1147 2343; x_wconf 87' lang='lat' dir='ltr'>se</span> <span class='ocrx_word' id='word_1_271' title='bbox 1173 2304 1376 2344; x_wconf 76' lang='lat' dir='ltr'>vocauerir.</span> <span class='ocrx_word' id='word_1_272' title='bbox 1432 2305 1617 2354; x_wconf 85' lang='lat' dir='ltr'>Denique</span> <span class='ocrx_word' id='word_1_273' title='bbox 1641 2308 1760 2345; x_wconf 79' lang='lat' dir='ltr'>eonti-</span> 
     </span>
     <span class='ocr_line' id='line_1_58' title="bbox 1110 2360 1758 2412; baseline 0.005 -13"><span class='ocrx_word' id='word_1_274' title='bbox 1110 2374 1189 2400; x_wconf 84' lang='lat' dir='ltr'>nuo</span> <span class='ocrx_word' id='word_1_275' title='bbox 1217 2360 1458 2412; x_wconf 79' lang='lat' dir='ltr'>Pamphilus,</span> <span class='ocrx_word' id='word_1_276' title='bbox 1501 2361 1648 2399; x_wconf 87' lang='lat' dir='ltr'><em>Omnem</em></span> <span class='ocrx_word' id='word_1_277' title='bbox 1683 2376 1758 2402; x_wconf 78' lang='lat' dir='ltr'>rem</span> 
     </span>
    </p>
   </div>
   <div class='ocr_carea' id='block_1_13' title="bbox 474 2414 1759 2479">
    <p class='ocr_par' dir='ltr' id='par_1_16' title="bbox 474 2414 1759 2479">
     <span class='ocr_line' id='line_1_59' title="bbox 474 2414 1759 2479; baseline -0.005 -15"><span class='ocrx_word' id='word_1_278' title='bbox 474 2438 530 2479; x_wconf 77' lang='grc' dir='ltr'>ις.</span> <span class='ocrx_word' id='word_1_279' title='bbox 559 2424 624 2464; x_wconf 85' lang='lat' dir='ltr'>Ille</span> <span class='ocrx_word' id='word_1_280' title='bbox 653 2419 844 2472; x_wconf 66' lang='lat' dir='ltr'>reuiuiscet</span> <span class='ocrx_word' id='word_1_281' title='bbox 870 2421 943 2459; x_wconf 74' lang='lat' dir='ltr'>iam</span> <span class='ocrx_word' id='word_1_282' title='bbox 973 2431 1064 2457; x_wconf 83' lang='lat' dir='ltr'>nun-</span> <span class='ocrx_word' id='word_1_283' title='bbox 1098 2417 1194 2468; x_wconf 76' lang='lat' dir='ltr'>fiio,</span> <span class='ocrx_word' id='word_1_284' title='bbox 1214 2430 1256 2456; x_wconf 83' lang='lat' dir='ltr'>vt</span> <span class='ocrx_word' id='word_1_285' title='bbox 1259 2414 1313 2466; x_wconf 78' lang='lat' dir='ltr'>fit</span> <span class='ocrx_word' id='word_1_286' title='bbox 1334 2415 1451 2471; x_wconf 74' lang='lat' dir='ltr'>gesta:</span> <span class='ocrx_word' id='word_1_287' title='bbox 1478 2417 1669 2456; x_wconf 81' lang='lat' dir='ltr'>adueniens</span> <span class='ocrx_word' id='word_1_288' title='bbox 1696 2431 1759 2457; x_wconf 81' lang='lat' dir='ltr'>au-</span> 
     </span>
    </p>
   </div>
   <div class='ocr_carea' id='block_1_14' title="bbox 408 2474 1061 2819">
    <p class='ocr_par' dir='ltr' id='par_1_17' title="bbox 408 2474 1061 2819">
     <span class='ocr_line' id='line_1_60' title="bbox 412 2474 1060 2536; baseline -0.015 -15"><span class='ocrx_word' id='word_1_289' title='bbox 412 2483 540 2536; x_wconf 82' lang='lat' dir='ltr'><em>quam]</em></span> <span class='ocrx_word' id='word_1_290' title='bbox 578 2481 678 2522; x_wconf 83' lang='lat' dir='ltr'>Mire</span> <span class='ocrx_word' id='word_1_291' title='bbox 703 2483 820 2519; x_wconf 86' lang='lat' dir='ltr'>Poeta</span> <span class='ocrx_word' id='word_1_292' title='bbox 848 2477 905 2514; x_wconf 71' lang='lat' dir='ltr'>his</span> <span class='ocrx_word' id='word_1_293' title='bbox 936 2474 1060 2513; x_wconf 80' lang='lat' dir='ltr'>verbis</span> 
     </span>
     <span class='ocr_line' id='line_1_61' title="bbox 408 2530 1061 2589; baseline -0.015 -12"><span class='ocrx_word' id='word_1_294' title='bbox 408 2539 647 2589; x_wconf 82' lang='lat' dir='ltr'>Phidippum</span> <span class='ocrx_word' id='word_1_295' title='bbox 671 2545 827 2586; x_wconf 85' lang='lat' dir='ltr'>quoque</span> <span class='ocrx_word' id='word_1_296' title='bbox 848 2530 1061 2571; x_wconf 84' lang='lat' dir='ltr'>subinuide·</span> 
     </span>
     <span class='ocr_line' id='line_1_62' title="bbox 414 2588 1059 2639; baseline -0.014 -6"><span class='ocrx_word' id='word_1_297' title='bbox 414 2607 455 2635; x_wconf 85' lang='lat' dir='ltr'>re</span> <span class='ocrx_word' id='word_1_298' title='bbox 476 2594 626 2632; x_wconf 79' lang='lat' dir='ltr'>indicat.</span> <span class='ocrx_word' id='word_1_299' title='bbox 682 2591 770 2630; x_wconf 72' lang='lat' dir='ltr'>Plus</span> <span class='ocrx_word' id='word_1_300' title='bbox 790 2588 840 2628; x_wconf 84' lang='lat' dir='ltr'>est</span> <span class='ocrx_word' id='word_1_301' title='bbox 851 2589 1059 2639; x_wconf 78' lang='lat' dir='ltr'>Nunquam,</span> 
     </span>
     <span class='ocr_line' id='line_1_63' title="bbox 413 2647 1060 2702; baseline -0.015 -13"><span class='ocrx_word' id='word_1_302' title='bbox 413 2662 528 2702; x_wconf 84' lang='lat' dir='ltr'>quam</span> <span class='ocrx_word' id='word_1_303' title='bbox 555 2648 655 2688; x_wconf 83' lang='lat' dir='ltr'>Non.</span> <span class='ocrx_word' id='word_1_304' title='bbox 715 2647 760 2683; x_wconf 74' lang='lat' dir='ltr'>Et</span> <span class='ocrx_word' id='word_1_305' title='bbox 788 2657 907 2685; x_wconf 74' lang='lat' dir='ltr'>tamen</span> <span class='ocrx_word' id='word_1_306' title='bbox 933 2655 1060 2681; x_wconf 81' lang='lat' dir='ltr'><em>vtrum</em></span> 
     </span>
     <span class='ocr_line' id='line_1_64' title="bbox 409 2701 1060 2754; baseline -0.018 -8"><span class='ocrx_word' id='word_1_307' title='bbox 409 2704 632 2754; x_wconf 84' lang='lat' dir='ltr'><em>malis,scio]</em></span> <span class='ocrx_word' id='word_1_308' title='bbox 653 2704 846 2742; x_wconf 80' lang='lat' dir='ltr'>Mortuum</span> <span class='ocrx_word' id='word_1_309' title='bbox 866 2701 972 2738; x_wconf 75' lang='lat' dir='ltr'>inum</span> <span class='ocrx_word' id='word_1_310' title='bbox 985 2710 1060 2735; x_wconf 80' lang='lat' dir='ltr'>ma-</span> 
     </span>
     <span class='ocr_line' id='line_1_65' title="bbox 412 2754 1055 2819; baseline -0.016 -16"><span class='ocrx_word' id='word_1_311' title='bbox 412 2763 484 2819; x_wconf 56' lang='grc' dir='ltr'>εἰς,</span> <span class='ocrx_word' id='word_1_312' title='bbox 506 2773 620 2815; x_wconf 79' lang='lat' dir='ltr'><strong>quam</strong></span> <span class='ocrx_word' id='word_1_313' title='bbox 637 2771 676 2801; x_wconf 84' lang='lat' dir='ltr'>vt</span> <span class='ocrx_word' id='word_1_314' title='bbox 695 2754 894 2800; x_wconf 70' lang='lat' dir='ltr'>reuiuiscat</span> <span class='ocrx_word' id='word_1_315' title='bbox 911 2755 1055 2796; x_wconf 76' lang='lat' dir='ltr'>denuo.</span> 
     </span>
    </p>
   </div>
   <div class='ocr_carea' id='block_1_15' title="bbox 1107 2471 1757 2806">
    <p class='ocr_par' dir='ltr' id='par_1_18' title="bbox 1107 2471 1757 2806">
     <span class='ocr_line' id='line_1_66' title="bbox 1109 2471 1757 2524; baseline 0.003 -14"><span class='ocrx_word' id='word_1_316' title='bbox 1109 2474 1200 2515; x_wconf 81' lang='lat' dir='ltr'><em>diui.</em></span> <span class='ocrx_word' id='word_1_317' title='bbox 1257 2476 1339 2512; x_wconf 83' lang='lat' dir='ltr'>Hoc</span> <span class='ocrx_word' id='word_1_318' title='bbox 1386 2471 1497 2510; x_wconf 83' lang='lat' dir='ltr'>sumit</span> <span class='ocrx_word' id='word_1_319' title='bbox 1543 2472 1757 2524; x_wconf 80' lang='lat' dir='ltr'>exordium,</span> 
     </span>
     <span class='ocr_line' id='line_1_67' title="bbox 1109 2529 1757 2571; baseline 0 -4"><span class='ocrx_word' id='word_1_320' title='bbox 1109 2542 1178 2568; x_wconf 83' lang='lat' dir='ltr'>cur</span> <span class='ocrx_word' id='word_1_321' title='bbox 1215 2541 1295 2567; x_wconf 87' lang='lat' dir='ltr'>non</span> <span class='ocrx_word' id='word_1_322' title='bbox 1326 2529 1490 2567; x_wconf 73' lang='lat' dir='ltr'>reducat.</span> <span class='ocrx_word' id='word_1_323' title='bbox 1547 2531 1757 2571; x_wconf 86' lang='lat' dir='ltr'>Commen-</span> 
     </span>
     <span class='ocr_line' id='line_1_68' title="bbox 1109 2581 1757 2635; baseline -0.008 -12"><span class='ocrx_word' id='word_1_324' title='bbox 1109 2586 1173 2623; x_wconf 85' lang='lat' dir='ltr'>dat</span> <span class='ocrx_word' id='word_1_325' title='bbox 1195 2582 1393 2635; x_wconf 78' lang='lat' dir='ltr'>personam</span> <span class='ocrx_word' id='word_1_326' title='bbox 1412 2581 1520 2631; x_wconf 76' lang='lat' dir='ltr'>suam,</span> <span class='ocrx_word' id='word_1_327' title='bbox 1542 2584 1643 2635; x_wconf 87' lang='lat' dir='ltr'>quod</span> <span class='ocrx_word' id='word_1_328' title='bbox 1662 2581 1757 2623; x_wconf 76' lang='lat' dir='ltr'>sem.</span> 
     </span>
     <span class='ocr_line' id='line_1_69' title="bbox 1109 2639 1755 2691; baseline 0.002 -13"><span class='ocrx_word' id='word_1_329' title='bbox 1109 2654 1175 2691; x_wconf 82' lang='lat' dir='ltr'>per</span> <span class='ocrx_word' id='word_1_330' title='bbox 1197 2639 1302 2690; x_wconf 66' lang='lat' dir='ltr'><em>fideli</em></span> <span class='ocrx_word' id='word_1_331' title='bbox 1326 2643 1446 2678; x_wconf 75' lang='lat' dir='ltr'>animo</span> <span class='ocrx_word' id='word_1_332' title='bbox 1470 2639 1556 2691; x_wconf 82' lang='lat' dir='ltr'>fuit</span> <span class='ocrx_word' id='word_1_333' title='bbox 1581 2641 1619 2676; x_wconf 86' lang='lat' dir='ltr'>in</span> <span class='ocrx_word' id='word_1_334' title='bbox 1644 2639 1755 2688; x_wconf 76' lang='lat' dir='ltr'>mam,</span> 
     </span>
     <span class='ocr_line' id='line_1_70' title="bbox 1109 2696 1752 2744; baseline -0.002 -9"><span class='ocrx_word' id='word_1_335' title='bbox 1109 2705 1157 2741; x_wconf 85' lang='lat' dir='ltr'>et,</span> <span class='ocrx_word' id='word_1_336' title='bbox 1178 2696 1318 2734; x_wconf 78' lang='lat' dir='ltr'>dtxert&#39;t</span> <span class='ocrx_word' id='word_1_337' title='bbox 1331 2697 1451 2742; x_wconf 70' lang='lat' dir='ltr'>(dicit,</span> <span class='ocrx_word' id='word_1_338' title='bbox 1472 2696 1542 2740; x_wconf 76' lang='lat' dir='ltr'>vel,</span> <span class='ocrx_word' id='word_1_339' title='bbox 1561 2696 1663 2732; x_wconf 78' lang='lat' dir='ltr'><em>addit</em></span> <span class='ocrx_word' id='word_1_340' title='bbox 1684 2700 1752 2744; x_wconf 78' lang='lat'>7..),</span> 
     </span>
     <span class='ocr_line' id='line_1_71' title="bbox 1107 2750 1752 2806; baseline -0.002 -13"><span class='ocrx_word' id='word_1_341' title='bbox 1107 2765 1178 2793; x_wconf 80' lang='lat' dir='ltr'>uon</span> <span class='ocrx_word' id='word_1_342' title='bbox 1186 2751 1260 2805; x_wconf 67' lang='lat' dir='ltr'>sun</span> <span class='ocrx_word' id='word_1_343' title='bbox 1273 2753 1374 2806; x_wconf 61' lang='lat' dir='ltr'>cafix</span> <span class='ocrx_word' id='word_1_344' title='bbox 1386 2751 1472 2804; x_wconf 73' lang='lat' dir='ltr'>fim‘</span> <span class='ocrx_word' id='word_1_345' title='bbox 1486 2750 1683 2801; x_wconf 55' lang='lat' dir='ltr'>dai-zdium.</span> <span class='ocrx_word' id='word_1_346' title='bbox 1712 2756 1752 2792; x_wconf 71' lang='grc' dir='ltr'>Η.</span> 
     </span>
    </p>
   </div>
  </div>
 </body>
</html>
