1875 3308
623 189 923 237 ADELPH.

1372 202 1433 251 25

198 319 391 369 Nullum
415 318 547 365 huius
571 314 706 365 simile
719 316 899 365 fastum.
925 317 1032 364 haec
1043 333 1183 380 quum
1197 317 1272 372 illi,
1283 320 1438 372 Micio,

201 397 331 448 Dico,
354 395 432 442 tibi
457 396 576 442 dico:
613 407 662 441 tu
683 395 807 441 illum
827 395 1055 458 corrumpi
1081 391 1194 440 finis.

199 470 292 520 Ml.
314 474 512 519 Homine
522 472 726 536 imperito
738 486 966 533 nunquam
978 472 1211 533 quicquam
1225 466 1438 521 iniustius,

201 550 308 602 Qui,
334 545 410 594 nisi
435 548 555 611 quod
576 546 664 611 ipse
687 546 804 598 fecit,
829 546 891 592 nil
913 542 1085 592 reffmm
1110 555 1250 609 putat.

105 641 168 675 20
201 621 308 672 DE.
352 623 572 681 Quorsum
592 621 728 669 istuc?
762 619 863 669 Ml.
901 623 1002 686 quia
1024 631 1085 674 tu,
1118 625 1300 674 Demea,
1333 620 1442 669 haec

298 700 410 747 male
441 699 619 746 iudicas.

68 843 175 886 vrbe.
231 843 411 899 Parcum]
458 846 548 884 Non
595 842 729 894 prodi·

70 915 176 955 gum.
231 899 459 955 sobrium]
499 903 590 940 Non
630 897 727 939 insa-

70 971 179 998 num.
245 959 401 999 parcum
431 969 474 996 ac
495 955 728 1011 s'ol7riurn‘3]

69 1016 225 1057 Contra
245 1014 351 1053 illud.
410 1015 487 1054 Cur
505 1013 629 1057 amat?
651 1014 731 1053 Cur

65 1075 201 1125 potat?
253 1073 302 1112 D.
542 1075 550 1080 ’

125 1125 368 1167 Vetustiores
388 1125 504 1165 nostri
524 1125 640 1165 multi
666 1124 734 1164 ha-

71 1181 169 1223 bent
187 1183 256 1224 Rei
276 1195 422 1235 operam
445 1183 546 1222 deire.
600 1184 642 1222 Β.

132 1243 182 1283 16
219 1238 372 1281 Nullum
400 1239 508 1278 huius
532 1237 650 1290 fi'mile
668 1236 735 1288 fiz-

71 1296 188 1350 c‘tum]
229 1299 313 1336 Hoc
349 1309 436 1336 cum
473 1295 735 1334 admiratione

73 1353 198 1395 Micio
211 1354 392 1405 tangitur,
412 1350 513 1403 quali
531 1351 645 1402 ipfius
659 1351 736 1388 cul-

75 1422 125 1461 pa
152 1407 196 1447 fit
224 1408 350 1448 fratris
372 1418 518 1446 natura.
578 1405 736 1446 Nullum

77 1466 184 1505 huius
205 1464 324 1516 fi'mile
344 1463 510 1517 fufium]
542 1466 627 1503 Hoc
650 1476 736 1500 cum

77 1521 336 1561 admiratione
377 1519 622 1573 indignantis
651 1531 735 1570 pro-

78 1576 345 1617 nunciandum
362 1574 427 1623 est,
455 1586 495 1614 et
513 1575 738 1614 ardentibus

77 1635 123 1673 in
149 1634 368 1673 Micionem
399 1632 529 1670 oculis.
583 1634 629 1671 Et
659 1628 740 1669 sub-

77 1689 314 1730 audiendum
337 1686 496 1740 estffEſjZ’,
515 1697 579 1726 aut
597 1687 742 1727 Inueni·

78 1761 119 1786 re
141 1747 333 1795 (inueniri.
363 1748 420 1793 Z).
477 1748 527 1785 D.

133 1801 257 1842 Nostri
278 1814 413 1840 omnes
433 1799 628 1840 cumEdd.
648 1808 739 1838 vett.

79 1857 232 1898 Nullum
273 1857 382 1896 lsa‘us
413 1855 564 1907 fhc‘lum
592 1855 736 1907 simile.

79 1914 312 1956 Melioribus
336 1914 518 1953 numeris.
573 1916 615 1953 B.

140 1984 190 2024 17
227 1972 330 2010 Haec
356 1983 463 2024 quum
491 1968 568 2016 illi«,
603 1969 738 2018 Micio,

84 2027 182 2075 dico,
209 2025 278 2067 tibi
302 2026 401 2081 dico]
430 2025 512 2073 Illi,
543 2040 613 2079 pro
633 2027 679 2065 In
697 2026 740 2064 il-

85 2084 179 2124 lum:
213 2095 253 2123 et
276 2081 384 2132 Tibi,
415 2096 484 2134 pro
515 2086 554 2122 in
581 2095 629 2123 te.
683 2083 740 2121 Tu

83 2138 187 2179 illum
233 2142 415 2193 corrumpi
452 2137 574 2193 finis]
620 2138 741 2179 Deest

83 2197 192 2237 Nam.
230 2194 294 2236 sed
322 2195 536 2235 feruentius
562 2199 741 2238 ἂσυνδέτως

85 2252 235 2292 dicitur.
292 2255 339 2291 Et
377 2252 454 2291 hoc
494 2250 582 2291 Tibi
615 2262 653 2292 et
686 2253 742 2291 Tu

84 2307 421 2361 pronunciandum
442 2307 495 2347 est
516 2309 672 2348 intento
690 2307 744 2346 di-

85 2365 193 2418 gito,
229 2376 267 2405 et
290 2363 438 2404 infestis
464 2364 506 2403 in
524 2365 743 2404 Micionem

85 2421 222 2460 oculis.
276 2424 374 2460 Nam
409 2419 482 2459 hoc
516 2422 580 2473 agi
611 2419 745 2460 stoma-

85 2476 160 2516 cho
180 2474 376 2516 aduersum
390 2476 681 2516 diffimulatores
692 2476 746 2516 so-

86 2535 152 2573 let.
210 2533 266 2572 Tu
295 2531 396 2572 illum
424 2536 610 2585 corrumpi
629 2532 745 2586 finis]

87 2589 222 2633 Mitius
250 2588 370 2627 modo
399 2588 512 2635 dixit,
540 2588 641 2628 Sinis
670 2603 748 2628 cor-

88 2648 232 2698 rumpi:
270 2658 360 2683 mox
398 2644 663 2685 vehementius
693 2645 747 2684 di·

89 2714 164 2748 cet,
185 2705 244 2741 Αη
265 2701 367 2739 laudi
384 2700 600 2752 putatfhre,
614 2701 748 2755 fiper·

89 2759 230 2799 diderit
252 2761 429 2809 enatum?
483 2760 533 2798 D.

1328 701 1444 745 Non

838 855 856 885 1
865 848 887 893 8
907 844 1069 884 Homine
1078 844 1245 894 imperito
1256 853 1444 895 nunquam

779 902 972 954 quicquam
1008 899 1196 950 iniustius]
1232 899 1334 939 Miro
1370 896 1443 937 sto-

779 957 917 997 macho
937 956 1037 1006 apud
1059 953 1181 1009 ipsum
1202 955 1253 994 de
1272 952 1351 1006 ipso
1362 964 1446 994 tan-

782 1026 899 1066 quam
910 1012 1011 1063 apud
1023 1013 1182 1052 alterum
1194 1011 1376 1063 loquitur.
1395 1013 1445 1052 D.

837 1069 1000 1109 Homine
1018 1071 1209 1121 imperito]
1241 1065 1446 1108 Defensio-

783 1138 876 1166 nem
895 1138 1047 1178 parans,
1066 1125 1113 1164 ab
1138 1138 1182 1165 ea
1202 1123 1353 1176 incepit
1361 1137 1451 1176 par-

785 1193 835 1231 te,
864 1195 966 1234 quae
983 1181 1296 1235 obiurgationem
1315 1189 1448 1220 tenet:

783 1240 876 1291 quia
897 1239 1098 1291 imperitus
1119 1236 1273 1287 semper
1289 1233 1372 1276 satis
1392 1237 1450 1275 in-

784 1295 902 1335 iustus
920 1294 1009 1334 ests*
1045 1298 1295 1347 Paratautem
1313 1291 1449 1333 desen-

783 1352 933 1391 {ionem
970 1349 1275 1399 adolescentiae,
1322 1346 1447 1389 sciens

785 1408 1032 1447 meretricem
1063 1417 1222 1459 raptam.
1281 1405 1375 1444 Non
1402 1404 1449 1459 est

783 1462 992 1519 flagitium,
1026 1473 1098 1503 etc.
1155 1464 1244 1503 Non
1272 1462 1352 1501 laus
1382 1461 1447 1509 est.

787 1521 842 1560 ibi
864 1517 942 1559 esse
958 1520 1171 1573 integrum,
1195 1516 1257 1557 vbi
1273 1531 1354 1557 non
1366 1515 1449 1574 pos-

788 1574 943 1616 fibilitas
962 1574 1251 1627 corrumpendi.
1306 1577 1350 1614 E.

845 1632 1003 1673 Homine
1045 1630 1235 1684 imperito]
1282 1632 1453 1670 Menan·

790 1688 893 1728 der:
947 1685 1018 1728 Oz'a'n
1049 1689 1095 1727 ἐτ’
1122 1692 1233 1730 ἀνοίας
1267 1686 1345 1725 ἐδὲν
1377 1698 1451 1724 ron·

789 1742 986 1791 μηρῶτεςον.
1034 1745 1243 1800 Qicquum
1261 1741 1450 1796 iniustius]

789 1799 862 1844 Ms.
875 1805 915 1842 R.
936 1803 1127 1854 quicquam
1139 1798 1309 1850 iniustius
1317 1799 1374 1851 est.
1406 1803 1450 1840 J..

844 1858 973 1899 Codd.
1003 1869 1139 1896 omnes
1169 1854 1347 1906 Iniustius
1379 1855 1450 1908 est:

791 1911 911 1954 scribe
929 1915 1048 1967 igitur
1072 1911 1275 1964 Iniustiust.
1329 1914 1372 1951 B.

851 1983 902 2024 19
936 1970 1030 2022 Ntfi
1043 1970 1144 2023 quod
1162 1968 1233 2024 ipse
1240 1966 1357 2022 ficit]
1388 1971 1453 2007 Αὐ-

790 2031 913 2066 scisma.
971 2029 1058 2066 Hoc
1103 2026 1211 2066 enim
1250 2025 1453 2077 proprium

789 2083 1012 2122 rusticorum
1032 2082 1096 2131 est,
1123 2093 1239 2134 atque
1258 2081 1455 2132 imperito-

791 2146 886 2181 rum.
946 2138 1062 2178 Nihil
1073 2139 1210 2179 reflant
1218 2141 1346 2190 putat]
1367 2140 1456 2176 Pro·

791 2196 879 2248 prie
894 2207 1019 2248 putat.
1075 2199 1176 2235 Nam
1195 2193 1270 2233 hoe
1289 2193 1455 2233 verbum

792 2252 1063 2304 imperitorum
1108 2250 1172 2289 est.
1240 2248 1349 2288 Ordo
1386 2248 1454 2294 est,

795 2308 877 2359 Qui
905 2307 1002 2345 nihil
1033 2308 1178 2345 rectum
1212 2316 1341 2356 putat,
1382 2304 1454 2344 nisi

794 2363 897 2417 quod
922 2361 1004 2416 ipse
1024 2362 1124 2401 fecit.
1180 2362 1228 2400 D.

849 2433 904 2461 20
933 2417 1126 2477 ‚Quorsum
1153 2413 1307 2471 ssuc‘3]
1335 2415 1457 2457 Deest

796 2476 985 2522 Pertinet,
1023 2485 1088 2513 aut
1107 2474 1210 2513 dicis.
1267 2473 1369 2527 Qcia
1397 2485 1457 2518 tu,

795 2529 952 2579 Demea]
984 2531 1029 2571 Id
1055 2530 1127 2578 est,
1160 2529 1279 2569 homo
1300 2529 1459 2580 imperi·

798 2600 869 2629 tus.
927 2587 1030 2628 Haec
1053 2587 1144 2626 male
1165 2587 1330 2635 iudicas]
1371 2586 1458 2624 Pari

797 2646 937 2684 virtute
956 2643 1052 2683 haee
1080 2644 1222 2686 leniter
1243 2641 1340 2682 die‘ia
1361 2637 1458 2688 sum,

797 2714 874 2754 qua
895 2697 1088 2753 superiora
1101 2699 1370 2740 vehementer.
1409 2698 1459 2740 D.

909 2759 938 2796 Β
971 2770 995 2812 5
