1827 3180
611 222 686 267 IN
720 222 989 268 PHORM.

1381 234 1478 283 405

258 353 374 405 Quia
394 349 603 413 nusquam
622 350 818 397 insanum
840 346 999 413 scripsit
1020 346 1382 396 adolescentulum

255 430 438 474 Ceruatn
460 425 605 472 videre
629 426 793 487 fugere,
819 437 862 472 et
881 422 1027 471 seE‘cari
1053 440 1201 471 canes:

251 504 308 549 Et
331 518 424 548 eam
447 501 634 568 plorare,
657 517 796 555 orare,
819 511 863 550 vt
881 499 1103 548 subueniat
1125 497 1217 546 fibi.

118 695 269 742 sublimi
284 702 462 741 oratione
473 712 654 745 vteretur.
668 701 777 755 quod

118 755 242 810 ipsum
264 772 368 796 nunc
389 770 537 810 purgat,
572 759 707 798 dicens
733 760 773 798 in

119 814 342 867 Tragoedia
379 814 652 870 (Tragoediam
700 815 773 857 Ed.

117 872 308 965 ῗιςρηῑ.)
345 871 479 910 altiora
508 870 662 911 transire
691 868 772 924 pof-

134 938 167 965 e.
223 929 271 967 D.

179 982 296 1021 Tenui
321 981 383 1034 effi*
400 985 588 1030 oratione,
621 995 655 1021 et
675 981 771 1032 firi-

113 1048 227 1092 ptura
254 1039 341 1092 leui]
380 1040 466 1078 Hoc
493 1039 567 1085 est,
612 1035 770 1077 solidita-

117 1104 198 1133 tem
219 1097 257 1134 in
279 1094 403 1134 verbis
431 1095 587 1139 nullam,
623 1096 771 1133 nullam

115 1150 157 1189 in
184 1152 310 1190 rebus.
365 1153 449 1191 Hoc
479 1151 673 1191 obiefiium
693 1149 768 1190 est:

114 1206 282 1246 ostendit
301 1207 419 1246 etiam
443 1208 591 1247 nullam
609 1207 771 1260 grauita-

55 1296 59 1297 γ
112 1268 216 1303 iem:
244 1264 426 1314 quoniam
454 1262 553 1302 istud
582 1262 689 1315 quod
707 1262 768 1300 ob·

114 1319 279 1366 iecerat,
311 1321 375 1358 ista
403 1318 526 1370 (tfltem
554 1319 669 1372 ipsum
704 1320 768 1369 Z.)

113 1372 266 1421 feciss'e;
296 1375 384 1414 ideo
402 1375 544 1414 obiecit
562 1375 667 1426 quod
689 1387 768 1413 non

114 1429 225 1476 fecit,
252 1431 355 1482 quod
382 1430 473 1470 fecit
491 1431 595 1470 idem
620 1428 771 1470 Luscius

110 1488 320 1528 Lanuinus.
380 1490 423 1526 E.

171 1545 197 1584 6
235 1542 339 1594 Quia
383 1541 559 1595 nusquam
605 1542 770 1594 infimum

104 1597 258 1653 firipstt
304 1597 628 1652 adolqlkentulum]
677 1598 769 1638 Ideo

113 1655 294 1694 videmur
315 1655 436 1700 leues,
461 1652 688 1705 tenuesque,
709 1655 766 1692 in-

113 1712 218 1763 quit,
254 1711 341 1762 quia
367 1723 448 1748 non
480 1711 520 1749 in
549 1710 767 1752 Comoedia

110 1766 291 1821 prodigia
311 1766 406 1805 saeia
427 1765 524 1815 sunt,
545 1768 763 1818 etTragoe-

112 1821 196 1863 dias
217 1823 505 1862 concitauimus.
560 1825 607 1862 Et
626 1821 765 1861 callide

110 1878 178 1919 hic
200 1892 281 1918 non
306 1875 426 1917 solum
446 1890 616 1917 errorem
639 1890 765 1929 repre·

113 1934 351 1982 hendentis‚r
370 1931 431 1973 sed
452 1934 567 1973 etiam
589 1934 766 1985 imperite

110 1988 289 2043 scripfifl'e
315 1987 437 2042 ipsum
459 1989 625 2029 ostendit
646 1987 765 2031 Lusci-

111 2060 178 2086 um
206 2048 447 2087 Lanuinium.
504 2045 675 2099 Scripszt]
701 2049 766 2085 Le-

113 2102 223 2156 gitur
248 2113 305 2141 'et
334 2102 446 2142 Fecit.
513 2101 630 2142 Adole
650 2114 765 2140 centu-

114 2157 207 2211 βω]
247 2161 296 2197 Vt
336 2158 518 2196 comicam
559 2156 764 2210 personam

112 2211 346 2260 ostenderet,
365 2211 561 2253 artificiose
572 2213 765 2252 imminuit

112 2268 428 2319 adolefientulum‚
447 2281 524 2319 quo
543 2269 664 2321 magis
679 2281 760 2319 per·

112 2322 208 2365 sona
232 2337 253 2363 a
282 2321 509 2362 sublimitate
537 2324 678 2376 tragica
695 2321 763 2362 dis-

110 2380 280 2422 eederet.
336 2382 385 2419 D.

165 2439 236 2476 Pro
252 2432 420 2487 Scripsit,
455 2433 601 2473 Donati
629 2431 705 2472 fide
723 2444 761 2473 et

101 2489 389 2541 consuetudine
406 2489 582 2529 Terentii
612 2501 760 2540 repone

104 2544 224 2592 Fecit.
261 2545 684 2596 ¹Ji‹1.Heaut.P1·01.31.
715 2547 756 2584 Β.

160 2614 190 2658 7
221 2605 374 2646 Ccruam
400 2601 520 2640 videre
534 2599 693 2656 fugere,
724 2613 759 2640 et

94 2658 237 2713 fifflm'
256 2663 380 2704 canes]
401 2655 639 2697 Hieaffeetus
650 2671 671 2696 a
682 2657 758 2696 Co-

105 2717 272 2760 moediis
288 2711 554 2759 “mouendus
565 2712 630 2752 est.
673 2713 762 2753 Cer·

1340 574 1474 631 Quod

824 714 910 742 uam
924 701 1047 742 videre
1054 701 1203 756 flagae,
1223 713 1257 740 et
1261 698 1404 752 stc‘iari
1421 714 1477 741 ca·

823 764 899 804 nes]
931 758 1172 811 Ambiguiras
1203 769 1271 808 per
1300 753 1476 796 accusati·

825 827 917 853 uum
937 811 1075 863 casum,
1097 811 1345 865 perseuerans
1359 809 1477 865 vsque

821 869 869 910 ad
886 871 1060 910 vltimum
1076 870 1127 908 de
1146 868 1344 918 industria,
1364 881 1403 907 vt
1418 870 1477 908 et-‘

821 927 899 966 iam
941 924 1021 979 ipsa
1067 926 1299 978 perplexitas
1348 922 1475 965 odiosa

818 981 872 1022 fit.
925 987 974 1025 D.

873 1039 925 1078 Et
943 1039 1084 1090 fiftari
1108 1051 1218 1078 canes.
1249 1051 1285 1077 et
1300 1049 1377 1076 eam
1391 1036 1474 1091 plo·

820 1107 923 1142 rare,
947 1109 1072 1142 orare,
1101 1107 1142 1134 vt
1157 1093 1358 1145 fichueniat
1376 1092 1472 1146 sibl]

820 1152 866 1189 In
897 1163 972 1202 qua
1002 1153 1132 1202 vtique
1160 1148 1340 1203 pei-spicis
1376 1148 1480 1188 nibil·

821 1207 927 1257 quod
946 1207 1253 1249 comoediarum
1272 1206 1326 1245 fit.
1381 1207 1471 1244 Non

819 1263 927 1301 enim
945 1272 1011 1302 aut
1028 1274 1173 1302 amator
1193 1273 1281 1309 crat,
1311 1270 1376 1299 aut
1401 1258 1474 1299 sus·

819 1320 978 1370 picione
999 1318 1154 1364 ducitur,
1179 1329 1241 1356 aut
1253 1315 1406 1356 affe‘stus
1419 1314 1470 1355 est

819 1375 998 1421 alicuius,
1041 1385 1104 1413 aut
1146 1371 1312 1413 irascitur
1348 1385 1471 1424 pater,

820 1430 926 1480 quod
957 1431 1053 1469 nolit
1080 1429 1181 1467 filius
1208 1430 1352 1468 ducere
1382 1441 1470 1467 vxo-

821 1499 915 1535 rem,
935 1496 998 1524 aut
1017 1484 1161 1536 aliquid
1181 1483 1337 1532 horum,
1367 1482 1472 1535 quod

820 1538 916 1582 solet
943 1538 1021 1580 effe
1040 1543 1078 1580 in
1097 1541 1325 1582 Comoediis
1348 1550 1388 1579 vt
1405 1540 1471 1578 de-

820 1597 900 1636 bet.
962 1598 1132 1636 Pximum
1161 1597 1269 1636 enim
1297 1595 1402 1648 quod
1420 1594 1469 1633 ad

817 1653 1073 1695 comoediam
1108 1654 1277 1703 pertinet
1323 1651 1363 1690 id
1403 1650 1470 1698 est,

816 1708 1015 1759 adolescens
1043 1708 1193 1758 infimus
1221 1707 1468 1760 (Primum'e-

815 1768 891 1804 nim
917 1779 951 1818 q.
966 1779 1000 1804 a.
1031 1763 1071 1804 C.
1088 1767 1246 1817 pertinet
1273 1763 1391 1813 illius,
1420 1761 1469 1815 est

812 1820 947 1872 adoles
967 1824 991 1860 i.
1021 1821 1094 1872 Z.),
1116 1823 1180 1872 qui
1193 1819 1467 1861 affeetusaco-

812 1877 974 1917 moediis
992 1877 1114 1929 longe
1132 1877 1285 1916 videtur
1303 1877 1466 1915 alienus.

814 1933 921 1985 quod
955 1932 1103 1972 deinde
1121 1945 1262 1972 ceruam
1279 1931 1383 1971 videt
1397 1930 1466 1983 fu·

811 2003 908 2045 gere,
927 2002 961 2028 et
974 1988 1084 2042 sequi
1095 2001 1212 2033 canes,
1232 1987 1325 2028 istud
1338 1983 1462 2026 o'mni-

815 2058 867 2084 no
897 2060 919 2084 a
946 2044 1162 2086 Comoedia
1188 2043 1361 2083 alienum
1391 2040 1458 2083 est.

815 2103 873 2140 lta
892 2098 1019 2140 nescio
1040 2100 1145 2150 quod
1164 2113 1288 2154 genus
1308 2096 1462 2137 dicendi

814 2156 867 2197 est
894 2157 1080 2196 alienum.
1105 2155 1292 2207 fiquidem
1313 2151 1464 2194 Luscius

811 2213 1008 2253 Lanuinus
1036 2212 1074 2250 in
1103 2224 1150 2250 eo
1168 2210 1228 2256 fit,
1252 2209 1464 2250 Terentius

813 2268 986 2315 ostendit,
1017 2267 1106 2305 vilia
1127 2264 1162 2304 se
1180 2267 1302 2318 magis
1321 2264 1387 2304 ista
1407 2264 1465 2302 vi-

813 2335 911 2362 tare:
940 2333 980 2361 vt
1011 2322 1036 2360 fi
1058 2322 1152 2372 quid
1178 2324 1216 2360 in
1248 2317 1463 2360 aduersario

811 2376 888 2417 ess'e
917 2379 1171 2430 cognouerit,
1204 2374 1464 2432 reprehendat

810 2433 916 2486 quod
942 2433 1193 2486 intelligeret.
1247 2435 1291 2474 E.

863 2551 884 2593 8
922 2543 972 2584 Et
991 2557 1067 2583 eam
1085 2545 1242 2598 plorare,
1269 2555 1386 2589 orare,
1415 2555 1461 2582 vt

797 2599 998 2652 subueniat
1013 2599 1100 2655 libi]
1130 2603 1236 2640 Haec
1262 2601 1387 2639 omnis
1406 2615 1462 2637 πε-

809 2665 932 2703 ρίτασις
959 2658 1101 2709 tragica
1127 2655 1199 2695 estt
1230 2667 1271 2696 et
1298 2655 1388 2695 ideo
1419 2655 1459 2693 in

810 2713 1026 2756 Comoedia
1039 2711 1381 2753 vitioseinducitur.
1410 2714 1460 2751 D.

927 2771 993 2812 Cc
1023 2781 1046 2823 3
