1875 3292
404 179 493 229 ¹28

777 173 933 220 ACT.
964 174 1040 220 lv.
1087 171 1281 224 SCE‘N.
1314 178 1368 225 ΙΙ.

454 365 459 369 ,
527 297 634 350 DF.
680 303 884 350 Fortiter.
922 298 953 349 S
968 315 1016 348 v.
1052 305 1291 367 perquam!
1330 307 1431 370 quia
1450 306 1644 356 miseram
1667 323 1761 359 mu·

609 378 792 430 herem,
823 388 865 425 et
894 393 966 424 me
987 375 1220 432 seruolum,

529 443 624 511 Qui
644 451 822 501 referire
844 471 935 500 non
955 453 1180 508 audebam,
1202 454 1325 502 vicit:
1358 454 1460 506 hui!
1492 459 1759 524 perfortiter.

527 528 634 579 DF..
672 533 799 576 Non
808 531 954 594 potuit
973 530 1150 576 melius:
1191 529 1321 584 idem,
1343 532 1463 596 quod
1484 550 1582 597 ego,
1617 536 1756 592 sentit,

627 615 681 651 te
694 600 777 651 esse
801 605 903 652 huic
923 606 988 652 rei
1010 616 1155 670 caput.

428 698 490 748 30
527 678 612 730 Sed
635 679 752 728 estne
772 680 903 728 frater
924 683 1076 728 intus?
1122 678 1211 728 ὃν.
1252 697 1344 730 non
1368 681 1442 730 est.
1482 678 1576 732 DE.
1609 686 1683 735 vbi
1704 684 1758 735 il-

550 765 552 767 ’
627 756 719 804 lum
743 767 962 820 quaeram,
983 758 1145 818 cogito.

526 830 559 882 S
574 845 620 880 v.
659 835 757 880 Scio
781 832 854 880 vbi
877 831 947 888 sit3
968 849 1122 881 verum
1142 831 1274 880 hodie
1296 850 1525 901 nunquam
1547 834 1756 885 monstra·

623 906 698 955 bo.
739 905 843 955 DE.
876 904 1006 962 hem!
1038 908 1145 974 quid
1166 911 1259 956 ais?

440 1118 501 1164 27
529 1105 731 1164 Perquam]
770 1109 916 1158 Nimis,
959 1113 1047 1157 εἲςω.

388 1172 468 1207 vela.
521 1165 574 1206 Et
594 1181 652 1220 'me
667 1165 878 1221 firuolum]
909 1167 1045 1206 Orato-

386 1225 459 1271 tie„
488 1235 570 1262 non
578 1223 749 1271 Seruum,
766 1222 832 1264 sed
841 1223 1042 1272 seruolum,

385 1292 559 1334 quumi
534 1278 578 1318 fit
598 1275 728 1320 senex
782 1280 834 1325 D.
929 1320 932 1323 ,

443 1343 494 1385 28
528 1335 622 1375 Non
641 1333 832 1390 audebam]
853 1337 943 1376 Non
960 1344 1044 1388 pot-

384 1406 505 1433 eram.
563 1393 922 1446 Huilpeaefortiter]
944 1394 1044 1440 Hoc,

383 1449 493 1503 gestu
513 1446 659 1497 seruili,
693 1459 735 1488 et
762 1449 877 1488 nimis
903 1448 1044 1487 leuiori

379 1503 569 1558 personae
579 1517 754 1558 congiue
766 1502 909 1544 dieium
921 1503 984 1544 est.
994 1506 1044 1545 D.

440 1574 492 1614 29
531 1561 625 1600 Non
656 1565 783 1613 potuit
811 1561 959 1614 melius]
997 1559 1041 1601 ld

381 1614 450 1666 est,
473 1617 587 1656 laudo
610 1628 658 1665 te,
679 1615 884 1668 Ctefipho:
916 1628 955 1654 et
975 1616 1040 1655 de·

381 1673 439 1713 est
458 1675 570 1713 bieri.
611 1672 710 1711 Idem
719 1672 834 1724 finstt
846 1671 945 1724 csuod
951 1671 1037 1727 ego]

380 1730 427 1770 ld
458 1728 530 1778 est,
555 1728 746 1779 pamffizs,
778 1731 902 1767 virum
929 1741 966 1768 te
986 1731 1039 1766 iu·

380 1787 478 1826 dico.
537 1787 587 1825 D.

438 1842 535 1881 Huic
560 1843 616 1881 rei
643 1842 762 1893 caput]
787 1839 1035 1892 Quinffllian.

381 1895 467 1939 libr.
497 1910 534 1950 3.
565 1910 647 1948 cap.
669 1898 732 1936 vlt.
763 1897 882 1950 Caput
909 1899 963 1935 rei
990 1895 1037 1947 est

381 1955 483 2006 apud
523 1951 804 2000 Menandrum,
855 1951 1037 1999 κεφάλαιόν

378 2017 454 2050 ew.
482 2010 601 2050 Plaut.
621 2008 726 2049 Afin.
757 2022 830 2057 111,
860 2020 905 2062 3,
940 2015 1031 2062 138.

379 2070 462 2122 Ego
479 2078 587 2118 caput
606 2066 688 2104 huic
705 2079 859 2121 argento
874 2066 947 2118 fiaei
973 2065 1035 2104 ho·

377 2125 438 2164 dte
459 2123 692 2175 reperiunda.
751 2125 793 2162 L.

434 2179 565 2220 Bemb.
584 2179 687 2217 reeie
700 2176 833 2229 sensti,
866 2177 901 2217 h.
923 2191 956 2217 e.
977 2179 1034 2218 in-

376 2237 538 2284 tellexit,
557 2235 738 2286 percepit,
758 2234 900 2273 olfecit.
937 2236 1032 2276 Cae-

377 2303 499 2332 terum
519 2304 569 2330 ne
589 2302 767 2330 accentus
782 2291 1032 2331 incommode

375 2349 416 2397 in
443 2349 575 2387 finales
603 2347 796 2393 incidant,
830 2347 944 2387 facile
975 2348 1033 2386 in-

373 2405 511 2451 ducor,
541 2415 580 2441 vt
599 2404 645 2442 iic
666 2405 760 2442 olim
779 2400 889 2444 suiss'e
909 2404 1031 2443 existi-

375 2474 499 2504 mem,
528 2459 618 2497 Non
639 2472 727 2511 pote
759 2460 899 2498 mc'lms.
935 2461 1028 2499 idem

374 2516 434 2556 ille
455 2517 554 2568 quod
574 2529 640 2570 ego
656 2517 776 2567 sensit
805 2519 842 2556 ιὲ
857 2515 920 2569 effe
945 2517 1028 2555 huic

373 2575 432 2612 rei
456 2584 575 2623 caput.
636 2575 672 2610 n.

427 2641 481 2679 30
509 2628 580 2665 Sed
607 2626 696 2678 estne
718 2627 852 2680 frater
875 2627 1029 2682 imus?]

370 2683 488 2726 Deest
506 2683 712 2737 Responde:
743 2695 780 2725 vt
801 2684 853 2735 lit,
872 2683 1028 2739 respou-

371 2741 434 2783 de.
494 2741 543 2781 D.

1665 984 1755 1037 ὃν.

1148 1109 1236 1151 Νοη
1260 1109 1327 1166 est]
1355 1111 1442 1153 Hoc
1461 1108 1647 1152 iracunde
1666 1123 1755 1165 pro·

1094 1168 1383 1216 nunciandum,
1409 1179 1590 1221 tanquam
1611 1168 1753 1210 referat

1092 1225 1255 1278 gratiam
1273 1237 1342 1276 pro
1366 1224 1513 1273 dolore,
1528 1225 1632 1277 quod
1645 1226 1755 1276 (For-

1091 1290 1143 1328 te,
1163 1292 1232 1334 quo
1258 1283 1322 1333 Z.)
1346 1292 1478 1335 negat,
1497 1279 1655 1321 fratrem
1671 1278 1751 1321 effe

1093 1336 1212 1377 domi.
1284 1339 1471 1389 Denique
1504 1337 1579 1377 hoc
1617 1339 1751 1379 auimo

1094 1392 1188 1432 dicit
1205 1393 1323 1433 etiam
1340 1393 1457 1442 illud,
1488 1393 1571 1434 Scio
1589 1394 1655 1433 vbi
1671 1393 1751 1445 ῥὶς

1080 1448 1155 1501 fid
1194 1448 1303 1490 hodie
1340 1461 1526 1506 nunquam
1574 1449 1750 1503 monstra-

1092 1505 1152 1547 bo
1207 1507 1250 1546 E.

1143 1564 1215 1601 Pro
1233 1561 1420 1618 Queram
1438 1562 1618 1604 inBemb
1638 1576 1749 1616 repe-

1087 1617 1401 1660 2·itu1·1nueniam.
1457 1623 1674 1673 Vtrumque
1690 1619 1747 1661 est

1088 1686 1130 1713 re
1134 1674 1244 1713 e.h1m
1301 1677 1344 1715 B.

1143 1741 1192 1782 31
1244 1730 1381 1768 Verum
1417 1729 1522 1771 hodie
1556 1743 1745 1786 nunquam

1086 1784 1313 1840 menstrahoj
1345 1786 1495 1828 Volens
1516 1783 1647 1828 senem
1664 1789 1744 1828 aui-

1087 1842 1171 1880 dius
1191 1855 1391 1894 quaerere,
1423 1842 1528 1894 quod
1546 1842 1606 1883 hic
1627 1842 1743 1883 ardor

1084 1894 1234 1950 semper
1262 1899 1508 1950 paratissimus
1535 1898 1742 1940 credentes

1084 1955 1199 1994 etiam
1218 1953 1335 2004 fallit,
1365 1956 1400 1994 ei
1428 1954 1542 2009 fingit
1568 1952 1606 1996 se
1633 1957 1741 1996 nolle

1085 2010 1226 2051 dicere.
1284 2013 1406 2051 Hodie
1430 2023 1559 2051 autem
1585 2025 1651 2051 aut
1675 2012 1741 2052 ab·

1084 2066 1227 2115 undat3
1246 2069 1469 2118 vt(Aen.11‚
1487 2070 1599 2119 670.)
1629 2069 1740 2109 Nun·

1083 2135 1190 2176 quam
1212 2138 1334 2164 omnes
1352 2124 1457 2163 hodie
1473 2126 1673 2164 moriemur
1684 2129 1738 2165 in-

1081 2181 1161 2220 ulti.
1192 2190 1258 2219 aut
1287 2181 1485 2234 Nunquam
1503 2181 1623 2227 hodie,
1651 2194 1737 2234 pro,

1083 2237 1187 2275 nullo
1209 2247 1385 2288 tempore
1402 2236 1514 2276 huius
1533 2237 1623 2276 diei.
1647 2238 1737 2289 quia

1079 2293 1283 2345 Nunquam
1337 2305 1407 2345 per
1459 2291 1497 2332 se
1546 2295 1735 2347 generale

1081 2348 1175 2446 estln
1198 2350 1276 2444 ιιιῗιε
1297 2404 1409 2443 huius
1428 2401 1552 2445 velsus
1564 2403 1646 2446 adse
1651 2405 1733 2446 libe

1079 2461 1291 2500 dissionem
1310 2461 1519 2512 Ita,qu·1e
1535 2461 1587 2502 est
1609 2463 1731 2514 prima

1078 2513 1359 2568 subsequentis.
1415 2519 1478 2556 Sic
1501 2517 1630 2558 hiduo
1651 2530 1731 2557 ier-

1078 2568 1134 2612 sus
1162 2585 1278 2613 erunt
1305 2572 1485 2613 tiochaici
1511 2573 1728 2621 catalcciich

1078 2639 1118 2666 vt
1149 2634 1301 2668 caeteri.
1360 2633 1412 2669 lta
1447 2643 1604 2681 quoque
1628 2629 1728 2668 ordi-

1078 2686 1221 2731 namur
1247 2687 1286 2725 in
1299 2686 1427 2725 Bemb.
1447 2697 1484 2726 et
1502 2686 1648 2739 aliquot
1666 2686 1731 2726 ali·

1075 2742 1107 2782 is
1134 2740 1254 2783 libi-is.
1304 2752 1472 2784 FAERN.
