1827 3180
659 186 1005 233 PHORMIO.

1394 202 1491 250 443

278 322 386 367 Neu
419 331 491 364 me
519 315 727 379 cupidum
748 329 802 360 eo
824 308 1071 378 impuliss'et,
1102 311 1220 375 quod
1245 311 1349 358 mihi
1374 317 1493 378 prin·

375 394 536 458 cipiunt
539 386 586 437 'st
606 387 728 438 mali!

280 473 392 518 Non
415 469 579 532 potitus
612 463 766 514 effernz
811 458 951 511 fuisset
976 472 1070 508 tum
1102 462 1197 509 illos
1228 462 1336 509 mihi
1371 480 1497 524 aegre

381 542 542 605 aliquot
573 541 686 587 dies:

281 622 342 666 At
367 634 456 664 non
481 616 689 664 cotidiana
713 630 813 662 cura
835 613 940 660 haee
965 622 1142 673 angeret
1171 613 1380 663 animum.
1410 613 1497 663 Pu.

381 691 523 741 audio·

154 904 237 934 mm
267 885 438 931 accusate
456 901 543 938 eos,
570 901 668 940 quos
690 889 804 929 alicu-

154 951 216 989 ius
255 947 404 1001 negotii
444 947 627 998 poenitet.
697 941 808 1001 Qod

158 1007 301 1046 mirum
335 1016 378 1042 ne
408 1000 644 1054 Phormioni]
683 1003 806 1040 Vetus

157 1060 347 1106 elocutio,
382 1058 532 1097 Vanam
549 1070 604 1096 ne.
659 1056 808 1096 Ennius

157 1118 195 1157 in
215 1114 369 1161 Medea,
398 1113 546 1154 Vtinam
566 1125 610 1152 ne
630 1114 668 1150 in
688 1123 807 1150 nemo

158 1187 198 1212 re
218 1168 516 1221 Pelioficuribus
535 1167 648 1218 Caesa
667 1165 810 1216 cecidis

152 1229 214 1280 set
252 1223 404 1281 abiegna
431 1225 482 1264 ad
513 1237 650 1264 terram
676 1221 808 1263 trabes.

160 1287 206 1325 Et
224 1296 280 1330 ne,
303 1295 385 1320 non
406 1279 687 1332 accipiendum.
718 1283 768 1320 D.

218 1338 369 1378 Vtinam
392 1349 435 1376 ne
470 1334 701 1388 Phormioni]
738 1333 813 1373 Hic

164 1395 324 1446 exponit
349 1391 515 1432 miserias
544 1390 642 1436 suas;
673 1390 813 1442 poeni-

165 1460 222 1488 tet
248 1450 354 1489 enim
382 1446 542 1486 consilii.
576 1457 613 1486 vt
630 1458 680 1483 ne
699 1445 813 1484 Phor-

165 1505 286 1544 mioni
309 1506 348 1543 in
369 1513 540 1542 mentem
560 1499 745 1540 incidisset
767 1512 815 1538 ta-

167 1562 204 1600 le
223 1559 433 1606 consilium,
455 1569 494 1597 vt
512 1556 604 1596 mihi
623 1554 816 1606 persuade-

167 1627 236 1662 ret,
256 1627 373 1666 atque
385 1615 607 1678 impelleret
623 1615 660 1651 in
682 1612 732 1657 id,
752 1624 820 1650 vn·

168 1673 220 1712 de
231 1670 348 1711 mihi
339 1671 491 1710 initium
503 1670 555 1708 est
566 1668 762 1706 malorum.
775 1669 817 1706 E.

222 1726 338 1782 Qod
355 1724 516 1779 vtinam]
546 1721 720 1763 Priscian.
753 1721 819 1761 lib.

172 1795 241 1824 xv.
297 1785 337 1822 L.

228 1841 254 1880 6
289 1838 372 1876 Neu
399 1849 454 1874 me
482 1835 649 1888 cupidum
671 1846 710 1872 eo
729 1846 822 1872 com-

168 1892 328 1948 puliffit]
363 1895 474 1932 Bene
504 1891 575 1929 hoc
606 1888 751 1929 addidit
777 1888 825 1927 ad

175 1945 469 1987 excusationem.
500 1949 622 1998 potuit
648 1945 753 1983 enim
772 1944 827 1983 di-

178 2004 226 2049 ci,
248 2007 336 2044 Non
353 2000 593 2041 consentit-ems
651 2000 706 2038 Eo
735 2013 825 2038 com—

178 2058 334 2113 pulistet]
364 2057 427 2105 Eo,
447 2057 494 2096 ad
513 2069 668 2095 vxorem
687 2055 826 2094 ducen-

179 2114 282 2152 dam.
312 2127 359 2152 an
380 2115 470 2151 eoin
484 2112 661 2151 tantum?
716 2110 828 2164 Qod

179 2169 273 2209 mihi
296 2171 515 2221 principium
547 2168 592 2220 est
618 2167 722 2219 malz]
762 2170 828 2205 Βε-

184 2236 259 2272 ne,
295 2223 395 2275 quali
421 2233 533 2273 caput
561 2222 651 2259 mali
679 2234 758 2259 non
790 2222 828 2259 in

185 2291 315 2318 amore
342 2277 401 2325 sit,
431 2276 492 2316 sed
517 2279 555 2314 in
588 2277 727 2327 nuptiis
747 2276 828 2325 (sic

184 2337 309 2385 (Aen.
321 2347 378 2379 vi,
397 2345 463 2385 93.
495 2331 616 2382 Causa
632 2331 719 2371 unali
734 2333 831 2370 tami

187 2390 352 2439 coniux).
407 2390 454 2428 D.

240 2458 268 2498 7
296 2445 382 2483 Non
400 2447 543 2495 potitus
568 2441 684 2496 ςίΙὲηι]
721 2442 834 2481 More

188 2499 388 2540 hommum
402 2500 586 2550 loquitur
600 2496 835 2537 creditenim

190 2570 238 2597 ex
261 2555 434 2607 sequenti
457 2554 637 2598 iacietate,
658 2552 760 2604 quod
772 2563 835 2602 po-

191 2614 307 2651 tuerit
328 2611 515 2651 abstinere
532 2608 724 2649 amoribus
753 2604 835 2646 suis.

192 2670 280 2711 Non
299 2671 443 2722 potitus
468 2665 586 2721 estem]
626 2660 838 2711 Α’νουτοφομ

1389 767 1501 811 ΑΝ.

852 885 1042 935 novemde-
1097 888 1188 928 Non
1208 885 1326 935 enim,
1357 885 1428 927 Sed
1440 898 1503 939 po«

854 945 922 984 tiri
958 941 1128 997 voluisti,
1165 940 1310 994 posuit:
1358 953 1397 981 vt
1438 944 1506 983 ille

856 1003 974 1052 (Aen.
985 1012 1046 1045 lv,
1068 1001 1158 1049 603.
1162 1002 1202 1051 ),
1235 997 1507 1051 Verumanceps

854 1067 995 1108 pugnae
1003 1056 1137 1105 suerat
1155 1053 1342 1105 fortuna!
1369 1054 1506 1106 ῙιιζίΙεε.

859 1111 926 1150 hie
940 1111 1044 1149 enim
1065 1124 1086 1149 v
1092 1120 1225 1160 traque
1241 1123 1324 1161 pars
1338 1112 1507 1162 ponitur.

857 1167 991 1218 Futffiet
1016 1179 1091 1206 tum
1111 1164 1192 1204 illos
1213 1165 1304 1204 mihi
1324 1180 1431 1221 aegre
1448 1167 1511 1205 ali-

858 1235 949 1276 quot
977 1221 1068 1269 dies]
1103 1221 1273 1272 Quidam
1303 1232 1423 1260 totum
1454 1223 1510 1261 in-

861 1279 1098 1329 terrogatiue
1108 1278 1387 1329 pronunciant:
1408 1289 1511 1316 nem-

861 1347 924 1386 pe,
946 1333 1078 1384 Fmffe't
1099 1346 1176 1371 tum
1193 1333 1273 1372 illos
1293 1333 1384 1371 mihi
1407 1346 1510 1388 aegre

862 1392 1003 1442 aliquot
1028 1389 1127 1428 dies?
1182 1388 1234 1427 D.

918 1446 1153 1496 Nonpotitus
1165 1442 1285 1497 effim]
1299 1442 1375 1483 Sed
1387 1442 1411 1481 fi
1423 1457 1512 1482 con-

865 1500 984 1539 silium
1011 1499 1103 1538 mihi
1132 1500 1314 1539 Phormio
1342 1513 1421 1536 non
1450 1499 1513 1537 de-

868 1553 997 1600 diss'et,
1029 1555 1076 1594 ad
1105 1554 1266 1594 sruaum
1295 1555 1513 1605 cupiditatis

868 1623 979 1650 meae
1002 1623 1081 1649 non
1101 1610 1362 1662 pei-uenirem.
1407 1613 1514 1650 Haec

868 1664 1039 1718 quaestio
1057 1666 1121 1713 est,
1145 1677 1244 1716 quae
1265 1663 1422 1703 soluitur
1440 1680 1514 1704 ma-

869 1722 992 1760 lorum
1021 1721 1322 1772 comparatione.
1377 1722 1413 1759 Si
1436 1721 1519 1771 qui-

869 1777 960 1816 dem
985 1789 1123 1829 magna
1141 1776 1344 1815 commoda
1367 1778 1517 1815 maiori-

872 1833 943 1872 bus
969 1832 1224 1871 incommodis
1253 1843 1388 1883 coepta
1429 1861 1436 1869 .
1470 1862 1478 1870 .
1510 1863 1517 1870 .

956 1918 964 1926 .
994 1889 1055 1938 (Si
1077 1888 1220 1939 quidem
1231 1893 1370 1925 minora
1383 1889 1519 1925 incom-

873 1944 980 1983 moda
1033 1943 1232 1982 maioribus
1281 1943 1518 1982 incommodis

875 2001 1006 2039 conata
1030 1998 1149 2049 stent.-
1185 2011 1295 2051 neque
1329 2000 1392 2048 Z.)
1432 1998 1522 2036 vtile

876 2054 1070 2094 confilium
1091 2053 1175 2101 fuit,
1198 2053 1234 2092 id
1246 2054 1396 2100 malum,
1418 2052 1521 2103 quud

875 2111 1004 2149 minus
1036 2108 1270 2158 habebatur,
1316 2119 1523 2147 commuta-

878 2177 957 2204 tum
969 2163 1022 2203 est
1038 2165 1116 2216 (effi
1137 2167 1197 2216 7..)
1218 2164 1392 2217 grauiore
1407 2175 1445 2200 et
1458 2163 1524 2200 de-

878 2221 1017 2259 teriore
1044 2221 1164 2264 malo;
1193 2219 1297 2270 quod
1328 2219 1377 2256 h(
1382 2219 1417 2255 ‹1
1424 2232 1445 2256 e
1463 2232 1526 2256 co-

879 2277 1021 2314 tidiana
1039 2288 1124 2313 cura
1144 2276 1327 2322 :meir-211,
1334 2287 1451 2313 mum.
1481 2276 1524 2314 F..

939 2332 1035 2369 Tum
1067 2328 1164 2376 illos]
1215 2333 1260 2370 V.
1292 2331 1337 2371 C.
1375 2342 1453 2368 xum
1482 2328 1526 2369 i!-

880 2386 951 2424 lud.
1006 2388 1048 2425 L.

940 2447 961 2489 8
1003 2442 1055 2479 At
1089 2453 1162 2478 non
1192 2440 1338 2493 quon‘di
1331 2453 1408 2480 ana
1440 2453 1528 2480 cura

885 2496 968 2534 haec
996 2509 1146 2558 erigeret
1172 2497 1351 2550 animum]
1392 2497 1529 2546 Quum

883 2553 1065 2591 amatorie
1113 2553 1292 2603 loquatur
1339 2551 1528 2603 Antipho,

885 2618 1010 2647 errant
1036 2607 1098 2658 qui
1128 2618 1263 2658 putant
1283 2620 1371 2647 eum
1394 2620 1531 2659 poen·-

887 2674 968 2703 tere
986 2660 1039 2702 sui
1059 2661 1245 2703 defideui.
1299 2665 1397 2704 Nam
1416 2662 1440 2702 13
1459 2662 1529 2700 ho.-

1453 2726 1506 2756 eit
1524 2733 1528 2752 τ
