1875 3292
393 213 483 272 178

784 200 1377 264 AcT.v.san.nt

527 338 647 390 Mea,
672 351 784 399 quae
804 343 978 400 praeter
1004 330 1125 396 spem
1146 347 1350 385 euenere,
1372 327 1550 380 vta'ntur
1572 323 1687 376 fine:

431 432 494 484 30
529 417 600 461 De
620 413 785 459 summa
808 408 918 456 nihil
941 406 1141 456 decedet:
1178 406 1300 471 quod
1322 407 1426 454 hinc
1447 402 1677 458 accesserit.

525 488 581 538 ld
609 488 662 535 de
685 487 808 534 lucro
829 494 982 550 putato
1010 478 1094 529 effe
1114 499 1264 531 omne.
1298 482 1406 530 haec
1426 480 1460 550 ss*
1478 481 1598 530 voles

525 569 582 612 In
601 565 749 610 animo
773 578 876 609 vere
896 561 1101 620 cogitare,
1132 564 1316 612 Demea,

524 643 584 689 Et
605 639 730 692 mihi,
752 647 795 684 et
818 636 908 688 tibi,
933 645 977 681 et
999 634 1082 680 illis
1108 634 1310 681 demseris
1332 631 1588 680 molestiam.

523 712 588 763 D.
613 715 747 761 Mitto
761 728 877 760 rem:
909 709 1269 757 consuetudinem
1284 708 1494 774 ipsorum.
1517 708 1586 757 M.
1608 723 1762 766 mane5

430 808 491 861 35
527 792 645 839 Scio:
685 787 792 836 istuc
811 787 942 836 ibam.
975 785 1112 834 multa
1132 788 1178 834 in
1198 786 1395 839 homine,
1416 787 1598 837 Demea,

449 1027 504 1069 29
538 1014 707 1053 Vtamur
723 1009 823 1064 fine]
854 1014 929 1050 Aut
949 1006 1054 1048 deest

396 1071 490 1119 His,
519 1082 558 1109 vt
584 1068 650 1120 fit,
685 1067 744 1108 his
772 1079 954 1106 vmmur:
991 1075 1055 1104 aut

395 1143 474 1170 mea
500 1137 676 1174 'ut-imur,
711 1125 872 1175 antique
904 1123 1055 1160 locutus

394 1186 461 1226 est.
518 1187 570 1225 D.

453 1253 510 1295 30
535 1239 596 1278 De
613 1236 762 1289 fizmma
781 1234 879 1276 m‘In'l
894 1232 1056 1288 decedet]

398 1301 468 1342 Rei
489 1308 579 1336 tuae
598 1292 751 1334 scilicet.
813 1294 863 1333 D.

453 1366 506 1409 33
537 1350 738 1404 Demftris]
765 1352 840 1390 Pro
859 1347 983 1387 demes.
1012 1347 1062 1388 D.

456 1422 512 1464 34
544 1409 670 1450 Mino
703 1405 798 1459 rem]
837 1403 1062 1446 Pecuniam.

396 1470 447 1510 Et
469 1467 563 1505 haec
586 1463 814 1508 exclamatio
833 1461 886 1501 est
904 1458 1062 1499 moralis

400 1520 601 1564 aduersum
621 1519 737 1559 nimis
759 1517 898 1566 tardos,
918 1528 961 1556 ac
976 1528 1061 1554 non

402 1580 671 1630 intelligentes
704 1575 896 1614 homines.

393 1636 630 1687 ι[ἱιειιιιίίηεηυ
676 1630 846 1684 istorum]
897 1628 1061 1680 Loquor,

403 1703 466 1731 aut
492 1688 586 1742 quid
621 1688 714 1734 tale,
745 1683 1063 1724 subaudiendum.

405 1749 530 1788 Mitto
544 1758 618 1785 rem
629 1759 643 1781 :
661 1740 959 1795 conficetudinem
970 1735 1061 1790 ipr-

403 1803 509 1856 runs]
540 1801 615 1841 Vel
634 1800 680 1838 ab
700 1798 862 1837 uilitate
881 1794 929 1833 ad
940 1793 1064 1834 hone·

404 1858 538 1899 statem
565 1855 714 1895 transit:
743 1854 805 1892 vel
835 1867 857 1891 a
881 1850 997 1890 rebus
1017 1846 1066 1888 ad

405 1917 496 1956 illos
519 1910 643 1965 ipsos,
677 1911 728 1952 de
757 1908 898 1961 quibus
928 1908 1066 1960 agitur.

406 1975 578 2014 Caueiur
597 1968 715 2012 enim,
737 1979 789 2005 ne
807 1976 872 2004 aut
889 1976 973 2003 rem
986 1974 1068 2014 per·

407 2029 515 2076 dant,
539 2037 604 2066 aut
623 2024 690 2076 ipii
714 2031 887 2073 pereant.
944 2021 994 2059 D.

465 2097 515 2136 35
557 2082 691 2128 Mane3
706 2079 806 2129 fiio:
836 2076 925 2127 istuc
949 2073 1067 2128 iham]

411 2140 570 2184 Moralis
615 2147 654 2176 et
695 2136 821 2174 faceta
858 2132 1064 2183 correptio,

408 2197 619 2236 continens
649 2194 690 2232 in
719 2188 756 2230 se
778 2191 945 2230 latenter
962 2188 1069 2226 blan-

409 2254 641 2298 dimensum,
673 2260 753 2300 quo
771 2246 979 2286 deliniatur
999 2257 1069 2282 au-

409 2312 510 2348 ditor
522 2307 643 2361 (alter.
667 2316 741 2351 aut,
759 2303 900 2343 Demea
912 2301 1070 2354 frater).

413 2367 543 2405 lliui'ta
563 2367 602 2402 in
621 2362 776 2408 honum,
794 2359 942 2406 Demea,
960 2359 1072 2412 signa

413 2420 555 2474 infinit]
607 2416 895 2457 Obscuriffimus
943 2409 1073 2454 seusus

414 2489 454 2516 et
478 2490 521 2514 rc.-
539 2488 577 2513 et
603 2474 740 2513 verbis.
799 2475 846 2512 D.

471 2532 603 2571 Multa
623 2532 661 2568 in
681 2530 836 2575 homine,
859 2527 1009 2572 Demea,
1025 2523 1074 2576 fi-

414 2602 488 2645 ⁸gna
507 2591 642 2636 insunt,
662 2600 706 2625 ex
723 2584 855 2638 quibus
866 2584 1074 2622 cometam

405 2642 524 2696 simile
539 2641 605 2694 sit]
639 2641 758 2687 Quod
786 2639 901 2678 facile
929 2635 1073 2678 adoles-

416 2710 548 2742 centes
566 2699 703 2750 corrigi
725 2694 890 2748 poliunt,
910 2696 1005 2735 dixit
1020 2695 1070 2733 in-

1629 861 1764 921 Signa

1104 1005 1181 1048 esse
1202 1009 1242 1048 iu
1263 1019 1402 1047 eorum
1425 1002 1597 1046 moribus
1621 1003 1766 1043 indicia

1105 1064 1277 1104 melioris
1297 1062 1545 1115 dil'ciplinae3
1576 1059 1766 1113 etprobat

1106 1134 1156 1160 ex
1178 1119 1473 1168 consuetudine,
1509 1115 1614 1170 quod
1634 1115 1680 1156 fic
1699 1129 1768 1155 ex-

1107 1188 1210 1218 ercet
1232 1176 1531 1217 coi-rectionem:
1558 1173 1635 1212 duo
1650 1186 1768 1212 vnam

1107 1246 1191 1274 rem
1211 1231 1371 1273 faciunt.
1430 1230 1552 1282 Quod
1570 1229 1637 1269 ille
1653 1228 1769 1282 (Duo

1111 1303 1220 1344 quum
1230 1303 1340 1330 vnam
1350 1301 1426 1328 rem
1435 1287 1590 1338 fizciunt
1602 1303 1616 1325 :
1634 1285 1694 1325 ille
1708 1285 1772 1336 Z.)

1112 1347 1180 1398 qui
1199 1341 1509 1386 adolescentulus
1520 1340 1584 1387 est,
1603 1343 1772 1394 impune

1111 1401 1221 1450 facit,
1252 1402 1322 1441 ille
1349 1413 1437 1440 cum
1459 1398 1645 1453 grandior
1664 1407 1772 1446 natu,

1114 1460 1264 1498 crimen
1303 1456 1481 1497 admittit.
1535 1457 1621 1495 Hoc
1659 1454 1773 1494 enim

1112 1515 1229 1563 dixit,
1273 1514 1364 1554 Non
1389 1513 1487 1567 quod
1509 1509 1687 1566 dtffimilis
1715 1523 1774 1549 res

966 1572 1063 1612 Con-
1103 1571 1168 1624 fit,
1176 1571 1248 1624 fid
1264 1571 1364 1624 quod
1377 1570 1446 1618 hic,
1464 1571 1527 1624 qui
1535 1568 1658 1622 facit]
1679 1567 1776 1606 Ora-

1113 1628 1180 1667 bat
1208 1627 1260 1667 de
1285 1626 1480 1677 moribus,
1520 1624 1627 1676 quod
1655 1623 1773 1663 facile

1115 1684 1256 1735 corrigi
1291 1682 1434 1734 poffint
1470 1693 1572 1732 quae
1606 1679 1772 1718 faciunt.

1113 1742 1193 1779 Iam
1211 1740 1252 1777 in
1275 1738 1360 1776 loco
1381 1746 1587 1781 vei-entur,
1618 1736 1693 1773 iam
1716 1735 1774 1773 in-

1113 1795 1310 1847 telligunt,
1329 1792 1434 1845 quod
1453 1793 1528 1830 iarn
1542 1789 1706 1830 liberum
1719 1805 1774 1829 ar·

1114 1850 1273 1889 birri-tim
1294 1849 1487 1894 habeant,
1525 1847 1632 1899 quod
1660 1846 1777 1886 facile

1115 1907 1250 1946 reduci
1271 1906 1411 1958 pollint
1428 1905 1475 1943 ad
1494 1905 1689 1957 integram
1706 1899 1778 1942 dis-

1116 1964 1313 2015 ciplinam.
1389 1961 1492 2001 Huic
1528 1959 1666 1998 incidit
1701 1959 1776 1998 alin

1117 2019 1311 2071 quaestio:
1344 2015 1475 2057 Hodie
1494 2017 1585 2067 quia
1605 2017 1647 2054 in
1666 2015 1778 2054 luxu-

1117 2077 1172 2115 ria
1189 2076 1334 2122 vinum,
1354 2071 1684 2124 quemadmodum
1697 2083 1778 2110 cor.

1117 2131 1209 2171 reffi
1237 2133 1322 2171 licet
1343 2128 1501 2180 perditis
1530 2128 1780 2182 (quemadmo-

1119 2189 1202 2228 dum
1221 2187 1388 2238 corrupti
1405 2184 1546 2236 firilicet
1564 2197 1600 2223 et
1612 2184 1779 2237 praediti

1117 2246 1180 2296 Ζ.)
1209 2243 1316 2284 malis
1337 2240 1508 2280 moi-ibus
1527 2254 1587 2280 res
1616 2238 1695 2280 suas
1720 2240 1780 2279 di-

1120 2302 1288 2353 ligenter
1306 2295 1658 2339 administrabunt?
1687 2299 1778 2337 Pur-

1123 2357 1227 2411 gauit
1258 2353 1354 2394 istud
1381 2353 1549 2392 {imiliter
1577 2349 1781 2393 consuetu-

1123 2413 1218 2452 dine
1248 2426 1270 2451 a
1297 2411 1456 2462 propi-io
1476 2422 1585 2448 more
1612 2407 1781 2449 seneau-

1126 2471 1180 2516 tis,
1201 2467 1304 2520 quod
1327 2465 1422 2505 haec
1444 2477 1546 2505 aetas
1567 2467 1689 2516 magis
1707 2463 1782 2502 hoc

1124 2526 1259 2564 vitium
1280 2521 1443 2569 habeat,
1479 2522 1582 2573 quod
1611 2521 1783 2573 diligen-

1124 2582 1242 2620 tiores
1270 2579 1384 2617 faciat
1414 2578 1623 2624 homines,
1656 2588 1693 2614 vt
1722 2587 1785 2614 res

1123 2635 1206 2676 suas
1236 2647 1384 2673 curent.
1441 2637 1543 2687 Ergo
1563 2634 1678 2671 etiam
1708 2629 1785 2669 hoc

1123 2692 1194 2745 (ad
1212 2693 1282 2733 hoc
1300 2695 1356 2744 Ζ.)
1378 2689 1457 2732 illos
1478 2704 1578 2731 attus
1592 2701 1704 2729 acuo.
1736 2689 1783 2732 E.
