1875 3244
670 148 970 196 ADELPH.

1393 163 1477 210 171

254 283 327 327 An
359 277 438 326 tibi
458 279 544 324 iam
568 279 706 325 mauis
741 277 971 344 cerebrum
992 274 1234 341 dispergam
1255 275 1360 324 hic?
1395 273 1484 323 Sv.

354 354 473 401 abiit.

258 429 454 494 Aedepol
475 425 789 476 comissatorem
813 429 918 475 haut
936 427 1032 474 sane
1053 425 1353 480 commodum,

255 505 506 552 Praesertim
535 502 798 568 Ctesiphoni.

829 503 935 567 quid
958 519 1040 564 ego
1060 519 1179 548 nunc
1202 501 1360 562 agam?

167 595 227 630 xo
265 578 361 628 Nisi
386 580 492 626 dum
514 580 593 625 hae
616 577 808 639 silescunt
830 579 997 637 turbae,
1026 580 1189 624 interea
1210 580 1255 623 in
1281 576 1492 638 angulum

258 656 422 719 Aliquo
445 655 608 708 abeam,
627 666 755 719 atque
767 653 1046 702 edormiscam
1059 656 1144 701 hoc
1157 653 1261 701 villi.
1283 651 1338 700 fic
1350 668 1490 713 agam.

201 782 508 853 ACTVS
569 781 929 842 QVINTI
985 779 1285 833 SCENA
1326 779 1415 832 111.

525 871 1087 914 M1010.DEMEA.

128 931 205 1043 P
222 1015 246 1042 A
268 1013 296 1041 R
316 1012 340 1040 Λ
363 1012 395 1041 τ
417 1012 442 1040 Α
481 1011 506 1041 a
527 994 655 1043 nobis
676 994 788 1049 sunt,
812 1003 860 1043 vt
880 992 980 1046 dixi,
1003 989 1200 1045 Sostrata,

1408 1065 1497 1114 Vbi

133 1184 174 1213 vt
195 1182 347 1212 teneret
367 1176 580 1220 Demeam,
612 1169 789 1222 exipsius
837 1174 941 1226 Ergo
972 1181 1076 1210 nunc
1102 1181 1251 1208 nouum
1285 1164 1500 1207 commiffa-

134 1230 260 1271 verbis
278 1229 455 1268 cernitur.
513 1231 563 1271 D,

190 1298 218 1339 7
255 1288 314 1325 An
342 1284 414 1325 tibi
447 1287 520 1323 iam
550 1286 667 1325 mauis
698 1296 792 1323 cere-

135 1341 241 1381 hrum
271 1341 472 1394 dispergam
500 1340 609 1394 hic2]
649 1341 700 1379 Vt
729 1354 792 1391 ap-

136 1409 255 1450 paret,
275 1397 408 1436 baculo
433 1398 610 1435 minatur.
669 1394 793 1448 Abin]

137 1455 243 1505 Quia
278 1452 484 1505 prohibere
533 1465 615 1491 non
661 1452 794 1501 potuit,

138 1507 298 1549 dernifl'o
339 1522 378 1548 et
413 1505 632 1559 desperanti
670 1507 789 1553 vultu,

138 1565 232 1617 quid
250 1564 390 1604 facium
408 1564 459 1608 sit,
488 1563 589 1612 dicit,
608 1573 648 1603 et
664 1558 797 1602 abiisse

138 1623 379 1674 pronunciat.
437 1622 488 1660 D.

194 1677 309 1717 Reae
329 1673 459 1716 Bemb.
485 1673 589 1713 Abit.
646 1676 687 1714 B.

197 1740 218 1782 8
252 1732 410 1784 Aedepol
427 1730 687 1783 comiffiatorem
706 1727 798 1767 haut

129 1788 224 1840 sane
253 1787 494 1841 commodum]
534 1789 588 1833 Τῷ
621 1787 799 1832 χλευασμῷ

144 1845 246 1896 (alii,
275 1848 322 1888 τῷ
349 1845 559 1894 ἐυφημισμῷ)
579 1853 725 1882 tantum
743 1842 798 1880 in·

145 1901 323 1950 opinatus
359 1897 584 1950 superuenit
612 1897 800 1951 (stapam-

144 1959 221 1995 πίει
250 1958 319 2007 L),
351 1966 387 1993 vt
407 1955 536 1993 omnia
553 1953 600 1993 fic
621 1951 801 2001 offendat,

147 2009 473 2062 quemadmodum
520 2010 586 2062 qui
634 2007 802 2050 comiss'a·

149 2078 229 2105 tum
265 2065 501 2120 ingreditur:
530 2067 643 2117 ·quia
676 2062 804 2105 comis-

149 2121 280 2162 satoris
299 2122 351 2161 est
371 2119 622 2174 superuenire
645 2122 691 2162 ad
713 2119 805 2160 scor-

151 2190 254 2225 tum,
299 2189 336 2218 et
362 2176 561 2218 vociferari
589 2177 736 2229 aliquid
764 2179 805 2215 in

149 2235 360 2274 iocularem
379 2233 587 2286 strepitum.
617 2246 735 2284 quare
755 2245 808 2271 to-

152 2303 231 2330 tum
258 2287 366 2339 salse,
400 2301 520 2329 totum
548 2289 595 2329 ad
619 2291 807 2330 Demeam

152 2347 322 2386 contulit.
381 2348 431 2387 D.

208 2402 367 2453 Aedepol
394 2399 690 2454 commtffinorem
719 2399 810 2438 haut

140 2457 237 2510 sime
256 2457 492 2505 commodum,
500 2457 715 2508 praesertim
728 2456 810 2496 Cte-

145 2514 314 2567 stphom']
355 2511 647 2564 Commrffinores
675 2512 812 2551 dicun-

159 2580 236 2615 tur,
268 2571 333 2621 qui
357 2567 440 2620 post
458 2581 622 2608 coenam
644 2569 811 2607 veniunt

158 2625 204 2665 ad
227 2626 424 2673 laetitiam,
445 2637 483 2663 et
502 2623 548 2663 ad
561 2625 812 2677 voluptatem.

840 1239 965 1269 torem
982 1224 1207 1276 Ctesiphoni
1234 1223 1402 1263 mifimus
1431 1237 1500 1275 pa·

840 1295 953 1332 trem,
964 1283 1072 1321 cuius
1083 1283 1276 1320 rationem
1287 1278 1434 1319 habeat.
1455 1281 1499 1319 E.

896 1339 1037 1380 Similis
1050 1336 1242 1377 sententia
1259 1336 1322 1375 illa
1335 1337 1501 1376 Menan·

845 1396 923 1435 dri:
956 1393 985 1435 O‘
1012 1393 1148 1443 σκλκςδς
1175 1389 1256 1439 ἁνήρ
1284 1397 1347 1431 ἐςιν
1366 1396 1397 1429 ἐν
1423 1398 1501 1435 νέοις

846 1459 962 1499 γέρων.
1025 1452 1090 1488 W.

899 1520 924 1561 9
981 1504 1202 1556 Praesertim
1265 1501 1502 1556 Ctefiphoni]

845 1565 953 1602 Bona
973 1561 1175 1613 exceptio,
1203 1569 1242 1598 vt
1265 1570 1448 1612 appareat
1467 1572 1505 1597 o-

847 1618 1003 1658 mnibus
1038 1613 1354 1661 incommodum,
1392 1625 1431 1654 et
1460 1615 1503 1653 in

847 1674 906 1713 his
943 1670 1157 1719 Aeschino,
1194 1668 1259 1710 sed
1296 1670 1506 1723 praecipue

848 1729 1093 1782 Ctefiphoni.
1149 1729 1200 1768 D.

907 1799 957 1828 10
998 1784 1091 1836 Nifi·
1119 1783 1204 1823 dum
1238 1780 1306 1821 hae
1331 1780 1507 1833 stlefi·unt

848 1844 991 1895 turbae]
1018 1844 1107 1882 Non
1127 1852 1227 1892 quae
1237 1839 1312 1878 iam
1327 1836 1424 1885 sunt,
1445 1835 1506 1879 sed

850 1911 950 1951 quae
970 1908 1097 1938 erunt.
1156 1897 1206 1935 D.

911 1967 955 1996 11
986 1955 1070 1994 Hoc
1089 1949 1187 1999 villi]
1220 1947 1434 1996 fncuo'emuoe
1455 1948 1509 1988 (³st

852 2013 956 2050 vini:
989 2021 1029 2048 vt
1046 2021 1139 2049 vnus
1158 2006 1264 2055 ullus,
1284 2004 1404 2056 qfi'nus
1422 2006 1510 2056 asel-

852 2067 926 2114 lus,
954 2078 1097 2105 vannus
1117 2065 1253 2111 vallus,
1281 2065 1408 2101 vinum
1435 2061 1510 2100 vil-

855 2123 942 2162 lum.
999 2127 1050 2163 D.

910 2181 1034 2230 Atque
1061 2174 1295 2226 edormistam
1316 2173 1383 2212 hoc
1408 2172 1509 2227 vilh]

858 2234 1012 2275 Alicubi
1032 2234 1190 2275 iaceam,
1223 2241 1262 2268 et
1284 2230 1356 2268 hoc
1380 2231 1513 2269 vinum

859 2291 1032 2342 digeram
1080 2285 1325 2326 dormiendo.
1395 2286 1512 2324 Dimi-

860 2347 997 2385 nutiue
1025 2345 1132 2384 enim
1162 2343 1295 2380 vinum
1315 2340 1438 2380 villum
1460 2341 1518 2379 di·

860 2404 926 2440 xit.
980 2403 1022 2440 E.

911 2453 1158 2506 Edormtscam
1177 2454 1242 2492 hoc
1263 2450 1357 2502 villi]
1387 2449 1456 2494 ΜΓ.
1472 2454 1510 2491 R.

861 2523 901 2552 et
920 2516 966 2553 V.
991 2513 1035 2554 C.
1068 2511 1134 2549 hoc
1156 2512 1247 2549 vini.
1305 2510 1348 2548 L.

921 2581 936 2610 1
974 2568 1118 2606 Parata
1147 2564 1292 2605 anobis
1315 2564 1428 2616 fimt,
1463 2567 1517 2601 im

862 2637 903 2664 vt
923 2625 1032 2674 dixi,
1059 2621 1246 2674 Sostrata,
1274 2621 1337 2660 vbi
1364 2620 1517 2712 vis]h1n

1478 2686 1520 2712 ac

1549 2712 1553 2725 i
