1875 3292
405 194 492 250 138

777 188 937 233 ACT:
963 188 1040 233 w.
1083 187 1273 234 SCEN.
1311 190 1387 237 1V.

476 312 787 366 ACTVS
840 310 1195 372 QVARTI
1242 311 1534 365 SCENA
1587 312 1691 366 IV.

857 401 1306 444 AESCHIst

396 534 494 648 D
511 557 528 586 1
548 557 566 587 s
587 557 612 585 c
635 556 663 584 R
684 556 713 585 v
735 557 761 585 c
782 557 800 585 1
821 556 847 585 o
866 557 895 583 n
940 539 1098 584 animi:
1131 536 1292 585 hocine
1322 537 1377 585 de
1398 538 1636 604 improuiso
1663 539 1766 586 mali

730 615 839 661 mihi
868 615 998 661 obiici

529 696 754 746 Tantum3
792 703 838 738 vt
871 706 1014 753 neque
1049 688 1156 754 quid
1175 705 1246 737 me
1277 689 1454 744 faciam,
1489 706 1634 754 neque
1656 689 1766 754 quid

630 783 769 829 agam,
792 777 961 828 certum
981 764 1087 814 fiet?

1621 844 1766 890 Mem-

461 1001 479 1031 1
511 986 729 1041 Dfirucior
745 988 876 1030 animi]
905 987 1062 1028 Hoelo-
1108 984 1346 1028 Aeschinum
1385 987 1653 1034 meretricem,
1692 985 1766 1028 hoc

402 1058 448 1084 eo
476 1047 679 1092 χκρακτῆρα
711 1045 874 1083 amantis
904 1043 1058 1082 modice

394 1102 624 1153 (immodice)
648 1102 813 1148 iuuenis,
834 1111 875 1140 et
888 1096 986 1139 senis
1004 1099 1057 1139 fa-

395 1161 449 1199 cit
477 1157 740 1209 indulgentis,
765 1169 807 1196 ac
836 1156 1055 1208 lepidissimi

394 1215 525 1268 patris,
579 1213 804 1264 Difirucior
827 1215 957 1263 animi]
997 1215 1057 1256 Α’ν·

393 1270 572 1314 ταπόὲοσις
594 1269 737 1323 figura:
767 1281 803 1308 vt
834 1272 953 1319 (Aen.
982 1282 1054 1317 κη,

397 1331 480 1380 19),
499 1328 533 1366 Ο
555 1325 739 1379 praestans
760 1328 887 1365 animi.
938 1326 1054 1365 Hoci-

394 1398 438 1423 ne
457 1385 498 1423 dc
516 1381 715 1436 improutfo
735 1380 838 1429 mali]
857 1384 963 1422 Haec
973 1395 1055 1422 vet·-

393 1441 444 1481 ba
454 1440 662 1492 repentino
675 1438 822 1480 nuncio
835 1434 1053 1490 perculsum

391 1497 572 1538 indicant
613 1493 849 1537 Aeschinum
892 1505 1055 1546 propter

391 1553 605 1592 diuortium
628 1551 744 1591 stare:
775 1563 814 1588 et
842 1551 937 1590 iram
956 1551 1053 1592 circa

387 1608 431 1650 se
463 1607 671 1651 Sostratae,
701 1617 740 1645 et
767 1607 848 1645 eius
875 1605 974 1645 filiae
1002 1606 1052 1644 ob

391 1675 545 1716 raptum
599 1663 822 1702 meretricis.
908 1661 1053 1715 Obiict]

390 1721 566 1771 Proprie-:3
579 1719 667 1770 quia
680 1716 914 1769 inopinanti.
955 1719 1054 1756 Nam

393 1778 518 1816 Oln‘ici
539 1774 679 1815 dicitur
692 1774 733 1812 in
754 1784 954 1824 vti-amque
970 1787 1054 1823 par-

394 1845 496 1872 tem:
524 1842 586 1882 vt,
619 1829 645 1869 fi
674 1842 767 1881 quos
789 1839 880 1868 ante
899 1829 984 1880 quis
1005 1829 1054 1866 vi·

393 1890 483 1932 det,
513 1901 628 1940 quam
650 1882 941 1937 exspefitauerit.
973 1897 1051 1936 quo

394 1944 518 1986 verbo
528 1941 759 1996 magnitudo
780 1941 921 1980 doloris
933 1940 1054 1979 osten-

392 2003 495 2041 ditur
531 2013 580 2039 ex
606 1995 814 2051 improuiso
840 1999 1053 2040 incommo-

392 2058 457 2098 do.
513 2059 562 2097 D.

446 2112 761 2158 Deliberantem,
798 2108 900 2161 >quid
935 2106 1054 2147 saciat

392 2166 628 2215 adolescens,
661 2167 849 2206 conuenit
866 2178 960 2205 anus
981 2179 1052 2218 pu-

392 2227 494 2264 ellae
521 2226 605 2265 eius
625 2236 739 2275 quam
764 2223 924 2262 ritiauit.
987 2221 1049 2263 Ab

391 2295 438 2322 ea
464 2281 662 2333 comperit,
695 2279 799 2331 quod
817 2280 1051 2331 cognouerit

391 2336 628 2378 Aeschinum
649 2336 892 2374 meretricem
912 2332 1050 2386 rapuis-

391 2390 444 2439 se,
470 2407 556 2432 cum
578 2393 712 2444 vtique
740 2393 910 2444 rapuerit
928 2390 1048 2431 fratri.

394 2450 532 2501 opinio
553 2448 617 2496 cst,
645 2448 749 2498 quod
769 2447 837 2487 fibi
856 2447 1051 2497 potiusra-

392 2507 533 2558 puerit.
592 2504 794 2545 Deliberat
829 2516 925 2556 ergo
956 2502 1048 2555 quid

391 2572 492 2613 agat,
510 2561 613 2612 quod
641 2571 743 2599 tanin
769 2558 926 2612 suspicio
946 2556 1051 2598 dese

391 2616 594 2663 inciderit,
625 2616 728 2667 qnod
756 2616 915 2655 Sostrata
946 2616 1052 2668 puel-

390 2674 452 2714 lac
470 2685 590 2712 mater
617 2672 762 2720 credat,
794 2671 858 2712 nbi
886 2669 1052 2725 rapuisse

1108 1043 1211 1096 quod
1225 1044 1372 1083 audiuit
1382 1057 1429 1083 ex
1442 1058 1519 1083 anu
1533 1043 1706 1096 quadam.
1720 1045 1764 1084 E.

1159 1101 1306 1140 Primus
1324 1102 1491 1140 Faernus
1510 1098 1656 1139 versum
1668 1113 1765 1138 con·

1104 1154 1236 1204 stituit,
1257 1158 1306 1196 vti
1318 1156 1372 1196 est
1383 1156 1483 1209 apud
1497 1155 1762 1208 Lindenbrog.

1104 1211 1183 1252 Sed
1201 1225 1418 1265 perperam.
1462 1216 1557 1253 Nam
1582 1215 1622 1252 in
1643 1224 1765 1252 veter-

1103 1269 1202 1309 rimo
1238 1269 1366 1308 nostro
1393 1269 1615 1321 Dtscrucior
1646 1270 1765 1309 animi

1103 1337 1176 1376 per
1195 1322 1610 1366 seversumconstituit.
1654 1327 1764 1366 Tum

1104 1385 1227 1422 Varro
1255 1382 1358 1433 apud
1387 1381 1569 1422 Rufinum
1598 1382 1649 1422 de
1677 1386 1764 1424 Me-

1105 1438 1170 1477 tris
1197 1437 1369 1478 Comicis
1405 1453 1441 1491 p.
1472 1449 1592 1490 2707.
1623 1436 1764 1478 diserte

1103 1491 1253 1534 versum
1281 1494 1332 1534 ita
1365 1495 1486 1547 plane
1513 1494 1763 1534 constitutum

1103 1548 1181 1590 efl'e
1208 1561 1409 1591 memorat.
1465 1552 1643 1593 Alterum
1671 1564 1762 1590 vero

1104 1604 1254 1646 versum
1285 1608 1336 1646 ita
1353 1606 1525 1662 refinge¹
1559 1609 1701 1646 Hacine
1719 1621 1764 1647 ex

1103 1661 1308 1714 impr0u1s6
1329 1662 1417 1701 mali
1434 1664 1487 1702 mi
1504 1662 1624 1700 5l2iici.
1669 1665 1763 1705 Cre·

1103 1718 1200 1756 ticus
1221 1715 1345 1757 versus
1368 1718 1433 1764 est,
1454 1731 1503 1757 ex
1522 1719 1687 1759 Creticis
1698 1731 1761 1771 pe-

1104 1772 1217 1812 dibus
1253 1786 1342 1812 cum
1368 1787 1444 1813 vno
1472 1772 1639 1815 Molossb
1669 1789 1760 1816 con-

1102 1829 1215 1869 stans.
1272 1830 1313 1868 B.

1156 1896 1181 1926 2
1213 1885 1264 1924 Vt
1288 1898 1402 1938 neque
1419 1888 1516 1939 quid
1530 1901 1584 1926 me
1592 1888 1760 1944 fficiam]

1103 1942 1188 1982 Plus
1199 1941 1261 1987 est,
1273 1943 1439 1998 Qidme
1455 1943 1615 1991 fficiam:
1627 1958 1756 1996 quam,

1102 1997 1374 2049 Quidfiaciam.
1398 1999 1492 2038 illud
1513 2002 1618 2039 enim
1638 2001 1687 2040 de
1700 2015 1761 2041 re·

1102 2053 1196 2093 bus:
1233 2054 1325 2104 hoc,
1354 2054 1406 2095 de
1425 2054 1505 2108 ipso
1525 2055 1684 2096 homine
1705 2059 1760 2096 in-

1101 2111 1299 2163 telligitur.
1356 2111 1484 2164 Neque
1521 2113 1613 2165 quid
1637 2127 1757 2169 agam,

1102 2180 1237 2206 certum
1262 2165 1326 2221 efl]
1357 2168 1503 2207 Certum
1515 2167 1570 2219 est,
1592 2183 1661 2220 pro
1674 2172 1759 2210 Cer·

1099 2223 1252 2274 tumsit.
1285 2223 1352 2263 nifi
1374 2223 1477 2265 sorte
1489 2227 1552 2273 Vt,
1571 2226 1694 2282 Qum
1715 2225 1757 2265 fi-

1101 2278 1272 2334 gniiicet.
1329 2282 1378 2320 D.

1155 2338 1273 2375 Hunc
1318 2337 1473 2376 tertium
1514 2335 1662 2377 versum
1696 2337 1757 2378 sac

1098 2391 1357 2432 'I‘rochaicum
1398 2404 1663 2434 tetrametrum
1696 2394 1755 2444 fic,

1106 2449 1292 2491 Ta‘nmm;
1316 2462 1358 2487 vt
1385 2463 1495 2502 neque
1522 2451 1614 2504 quid
1635 2452 1678 2490 de'
1703 2465 1758 2490 me

1092 2503 1254 2557 faciam,
1280 2507 1344 2544 ηὲε
1370 2508 1459 2558 quid
1471 2520 1503 2545 α.
1525 2520 1553 2546 c.
1565 2507 1616 2558 s'
1657 2510 1754 2546 Nam

1101 2571 1139 2599 et
1159 2560 1239 2598 Nec
1260 2557 1426 2600 secundo
1459 2563 1563 2608 loco,
1593 2572 1632 2602 et
1655 2563 1759 2602 Ouid

1101 2616 1145 2655 de
1178 2629 1232 2654 me
1258 2619 1448 2668 reperitur
1482 2619 1521 2657 in
1551 2603 1754 2662 nomTuilis

1100 2671 1227 2714 Codd.
1250 2672 1393 2713 nostris.
1451 2676 1492 2714 Β.
