1891 3308
546 196 626 255 IN
664 197 1053 243 ADELPHos.

228 325 282 371 In
306 325 473 372 Graeca
497 324 741 372 adolescens
761 323 844 377 est,
882 328 959 389 qui
979 325 1128 372 lenoni
1151 326 1315 388 eripuit

226 403 523 455 Meretricem,
543 403 589 448 in
610 402 753 467 prima

91 621 177 673 quis
208 621 355 661 Aussor
386 622 487 662 illius
513 620 606 663 effer
631 620 751 662 Fabu-

89 678 150 717 lae
178 690 309 724 verus;
350 690 389 717 et
416 678 529 732 ipfius
562 680 749 719 Varronis

88 734 284 774 auCtoritas
305 734 416 774 nobis
439 749 485 776 ea
502 732 579 775 effe
596 734 748 784 debeat,

86 803 126 830 vt
152 792 273 831 virum
293 792 432 831 erroris
456 806 536 832 non
555 791 749 832 infimule-

85 860 189 887 mus:
229 847 330 887 forte
366 847 567 891 difficultas
603 849 660 889 rei
697 850 749 888 ita

85 904 210 957 potest
239 906 341 954 tolli,
374 915 410 944 vt
437 905 541 958 apud
566 905 744 945 Nostrum

83 960 234 1014 legatur
246 960 429 1011 Plautius,
450 961 556 1014 quod
571 962 743 1001 llbrario-

82 1031 169 1056 rum
198 1017 274 1057 {iue
316 1016 461 1058 inscitia
489 1018 567 1058 fiue
596 1020 744 1059 incuria

77 1073 214 1126 postea
231 1077 485 1114 commutauit
513 1077 552 1114 in
578 1075 742 1126 Plautus,

80 1130 186 1183 quod
205 1142 286 1171 erat
305 1145 453 1172 nomen
472 1134 615 1174 notius.
645 1137 685 1174 Z.

137 1252 158 1294 g
197 1244 242 1284 In
270 1243 411 1285 Graeca
442 1245 738 1303 adolffcensest]

74 1300 230 1352 Diphili
259 1299 422 1351 scilicet,
457 1303 559 1354 quali
580 1303 738 1351 diceret,

74 1357 248 1408 Quidam
269 1356 492 1399 adolescens
520 1359 573 1399 est
599 1361 664 1412 qui
685 1361 738 1400 le·

75 1415 175 1454 nom·
196 1415 332 1466 eripuit
354 1416 613 1458 meretricem.
650 1419 698 1456 D.

127 1472 256 1522 Eripit
273 1485 355 1510 non
375 1472 491 1511 modo
512 1473 656 1512 Donati
675 1487 738 1511 au-

73 1526 253 1566 &oritate
272 1539 312 1566 et
332 1529 468 1568 Faerni
489 1528 598 1570 codd.
614 1530 737 1567 omni-

74 1595 163 1632 um,
194 1583 336 1634 quibus
363 1595 401 1624 et
429 1584 508 1623 duo
530 1600 577 1625 ex
598 1585 735 1628 nostris

71 1637 304 1678 vetustissimi
334 1637 603 1689 consentiunt,
645 1654 735 1680 con·

69 1693 258 1742 firmatur,
291 1693 353 1735 sed
382 1708 421 1735 et
441 1695 588 1736 versum
615 1699 732 1748 iuuat,

67 1763 185 1803 atque
197 1754 560 1808 conuenitPrologo
571 1755 734 1806 loquen-

70 1809 100 1847 ti
122 1808 171 1847 de
189 1821 419 1863 argumento
442 1810 620 1850 Fabulae.
680 1814 732 1850 Vt

70 1865 111 1903 in
135 1867 231 1906 Prol.
252 1868 348 1909 Eun.
386 1866 430 1906 In
461 1881 501 1908 ea
523 1867 570 1920 est
583 1867 729 1921 parasi-

69 1934 140 1961 tus.
195 1926 235 1962 Β.

122 2045 148 2086 9
178 2033 223 2074 Iu
237 2038 359 2087 prima
371 2032 528 2089 fabula]
556 2039 641 2077 Hoc
659 2036 726 2084 est,

67 2088 109 2127 in
131 2091 253 2141 prima
277 2102 401 2142 parte:
434 2104 471 2131 vt
494 2093 665 2138 dicimus,
683 2094 726 2133 In

61 2148 196 2197 primis
225 2148 368 2204 digitis.
408 2162 491 2188 non
527 2150 633 2188 enim
663 2163 726 2190 aut

67 2199 234 2243 secunda
253 2233 263 2253 ,
321 2216 388 2245 aut
435 2207 548 2245 tertia
591 2205 724 2247 sabula

66 2258 135 2300 est.
194 2262 244 2299 D.

125 2315 171 2354 In
190 2316 476 2372 primafivhula]
507 2318 551 2358 Id
580 2319 652 2367 est,
680 2321 721 2360 in

67 2373 188 2423 prima
217 2385 323 2423 parte
348 2373 513 2414 fabulae.
546 2386 585 2413 vt
615 2378 721 2430 Virg.

65 2431 188 2479 (Aen.
221 2442 285 2477 ix,
314 2433 426 2484 244.)
467 2432 634 2472 Vidimus
661 2434 721 2471 ob-

56 2483 183 2535 scuris
204 2486 364 2536 primam
379 2485 454 2537 fich
483 2487 636 2530 vallibus
664 2505 723 2528 vr·

65 2539 158 2579 bem.
218 2542 308 2580 Dixi
328 2543 369 2580 in
387 2544 469 2582 aliis
481 2546 722 2593 Comoediis,

65 2608 106 2637 et
127 2599 248 2650 magis
273 2599 309 2636 in
322 2600 480 2646 Andria,
503 2600 599 2641 hanc
614 2601 725 2643 fuisse

65 2652 389 2693 consuetudinem
415 2658 539 2697 Poetis
568 2660 726 2707 Latinis,

65 2721 105 2750 vt
138 2712 286 2750 crimen
317 2724 401 2750 non
428 2709 540 2763 esset,
574 2716 724 2767 aliquid

782 400 950 464 fabula;
990 418 1093 459 eum
1115 401 1292 448 Plautus
1323 400 1474 449 locum

1409 495 1469 527 ιο

800 623 851 664 de
880 624 1030 665 Graeco
1059 621 1263 663 transferre
1298 622 1341 663 in
1369 623 1469 663 Lati-

800 694 916 725 num:
945 694 1082 720 verum
1113 679 1207 719 illud
1239 677 1318 720 effe
1343 681 1464 718 crimi-

799 739 873 785 nis,
893 737 1065 777 fimulata
1086 738 1330 788 contingere,
1358 737 1421 774 vel.
1438 735 1467 780 li

799 794 838 835 id
860 794 1028 842 diceret,
1063 793 1171 844 quod
1190 794 1265 831 iam
1286 807 1306 831 a
1325 793 1464 832 Larino

797 848 1169 902 fuifl'etexpreffinn.
1226 852 1330 902 Ergo
1353 850 1463 900 quod

796 905 1019 960 adolescens
1040 907 1195 958 quidam
1212 906 1463 949 meretricem

796 965 932 1015 eripit,
969 963 1020 1003 de
1047 961 1268 1006 Comoedia
1296 962 1462 1003 tracium

793 1021 954 1068 videtur,
987 1033 1087 1072 quae
1107 1021 1182 1059 iam
1203 1032 1289 1063 cum
1311 1021 1460 1058 Graeca

794 1075 941 1126 fuifl'et,
971 1092 992 1118 a
1014 1079 1148 1117 Latino
1178 1073 1364 1114 translata
1393 1074 1457 1115 est,

793 1132 857 1174 sed
880 1136 973 1179 haec
994 1132 1334 1185 parsComoediae
1350 1146 1459 1187 praea-

792 1189 958 1234 tei-missa
988 1190 1059 1239 est,
1093 1190 1157 1230 vbi
1182 1188 1391 1240 adolfi-ens
1412 1189 1459 1227 le·

790 1252 881 1290 noni
897 1250 1011 1301 eripit
1036 1250 1276 1287 meretricem.
1335 1245 1458 1296 Quod

790 1305 816 1345 fi
835 1306 887 1345 ita
907 1305 981 1354 est,
1011 1316 1049 1344 vt
1068 1304 1138 1343 ille
1167 1304 1233 1354 qui
1256 1303 1455 1344 transtule,

788 1363 836 1406 rit
856 1363 968 1401 aliam
988 1360 1242 1403 Comoediam
1253 1362 1455 1405 Graecam,

789 1417 890 1457 hanc
909 1429 1057 1470 partem
1077 1417 1289 1467 reliquerit,
1308 1428 1388 1457 uon
1403 1416 1456 1452 vi-

789 1474 901 1514 detur
922 1489 943 1513 a
961 1475 1151 1514 Terentio
1173 1473 1290 1511 vllum
1305 1472 1454 1510 crimen

788 1528 1003 1580 admissum,
1023 1530 1048 1569 si
1067 1529 1104 1568 id
1126 1528 1322 1573 transtulit,
1342 1526 1451 1578 quod

787 1587 889 1638 apud
909 1589 1081 1627 Graecos
1107 1586 1293 1624 intaeium
1319 1597 1450 1623 mane·

786 1642 863 1683 bat.
894 1643 983 1683 ideo
1004 1643 1168 1681 adiecit:
1199 1641 1363 1680 Eandem
1382 1653 1451 1680 nex

783 1700 1041 1751 ac‘lurificmus
1060 1712 1206 1738 nouam.
1226 1706 1359 1736 vtnon
1372 1697 1450 1736 iam

786 1755 860 1796 hoc
879 1756 922 1795 iit
942 1755 1097 1801 furtum,
1128 1754 1217 1806 quia
1240 1767 1321 1792 non
1342 1768 1363 1793 a
1381 1756 1449 1792 La-

784 1814 867 1852 tino
886 1812 1030 1852 dietum
1049 1811 1125 1852 est:
1155 1807 1219 1849 sed
1241 1811 1370 1860 potius
1388 1822 1447 1848 re-¹

781 1867 997 1923 prehensus
1030 1869 1094 1907 hic
1127 1868 1235 1906 locus
1267 1866 1341 1912 est,
1375 1866 1445 1916 qui

779 1925 833 1966 est
870 1921 1167 1979 praetermissus.
1239 1922 1447 1976 Reprehen-

767 1985 837 2033 fits
864 1993 998 2022 autem
1026 1981 1224 2021 interdum
1252 1979 1442 2034 fignificat

777 2042 915 2081 iterum
929 2035 1150 2090 prehensus
1207 2037 1295 2076 Alia
1314 2033 1442 2075 subin-

777 2097 828 2137 de
856 2095 1090 2148 proponitur
1108 2092 1302 2144 qmzestio,
1331 2091 1438 2144 quod

775 2153 956 2194 maledici
976 2151 1154 2190 homines
1178 2148 1440 2200 frequentiffi-

772 2222 837 2250 me
855 2211 995 2257 dicant,
1018 2207 1252 2248 Terentium
1264 2204 1440 2245 adiuuari

774 2281 794 2306 a
814 2265 1091 2306 nobilioribus:
1124 2273 1204 2302 erat
1221 2263 1328 2300 enim
1353 2261 1435 2312 opi-

772 2325 840 2362 nio
862 2322 966 2374 quod
986 2335 1007 2360 a
1026 2320 1168 2364 Laelio,
1189 2318 1434 2369 etScipione,

772 2391 810 2420 et
829 2378 994 2419 Seruilio
1008 2376 1262 2420 adinum-etur,
1283 2372 1345 2413 sed
1360 2372 1433 2412 hoc

772 2437 920 2475 crimen
941 2433 987 2473 ad
1009 2433 1172 2486 gloriam
1191 2441 1356 2479 reuocat,
1392 2440 1433 2467 et

772 2490 999 2538 confitetur,
1030 2486 1223 2528 laudabile
1252 2484 1335 2526 satis
1355 2483 1433 2525 ess'e

774 2550 862 2589 viris
887 2546 1027 2586 talibus
1048 2546 1212 2596 placere.
1269 2547 1311 2587 E,

831 2662 876 2701 In
888 2662 1010 2712 prima
1022 2656 1178 2712 fabula]
1209 2651 1433 2698 Chai-inlib.

773 2729 812 2759 2.
873 2720 923 2813 ΙᾸ
951 2785 979 2825 4
