1875 3292
350 255 447 308 590

732 236 895 285 ACT.
925 237 978 284 V.
1015 234 1214 284 SCEN.
1247 239 1365 289 v111.

381 391 444 440 50
480 372 563 419 Eas
586 365 684 416 dedi
709 378 790 416 tuo
815 377 970 429 gnato:
1005 368 1041 413 is
1068 383 1154 432 pro
1176 365 1248 416 sua
1270 369 1406 416 amica
1424 367 1577 417 lenoni
1592 369 1728 420 dedit.

479 443 586 496 CH.
626 447 774 496 Hem!
819 443 926 509 quid
948 440 1041 493 ais?
1070 441 1183 491 NA.
1221 443 1362 493 adeon
1384 446 1470 493 hoc
1490 447 1728 508 indignum

570 521 653 570 tibi
674 520 860 574 videtur,
890 517 1005 567 filius

476 606 636 652 Homo
665 597 910 646 adolescens
942 595 973 644 fi
1002 594 1135 644 habet
1155 613 1289 644 vnam
1313 599 1522 654 amicam,
1551 611 1600 647 tu
1622 617 1726 648 vxo-

575 693 644 723 res
670 674 808 722 duas?

471 754 604 806 Nihil
624 751 827 819 pudere?
866 766 957 816 quo
985 766 1064 798 ore
1086 749 1214 797 illum
1236 749 1523 813 obiurgabis?
1541 751 1725 819 respon-

574 830 628 878 de
651 829 777 876 mihi.

473 908 581 959 DF..
619 907 768 954 Faciet
799 915 846 952 vt
868 903 1006 951 voles.

570 984 671 1032 scias
703 981 973 1034 sententiam,

1047 901 1165 952 NA.
1200 905 1367 958 immo,
1400 913 1448 952 vt
1470 919 1613 951 meam
1633 905 1721 952 iarn

371 1082 433 1131 55
467 1066 632 1126 Neque
655 1074 739 1120 ego
766 1057 957 1118 ignosco,
977 1072 1122 1121 neque
1141 1056 1358 1123 promitto
1373 1056 1624 1120 quicquam,
1643 1073 1719 1104 ne-

565 1152 653 1201 que
671 1132 931 1200 respondeo,

466 1216 594 1264 Prius
624 1228 756 1277 quam
790 1221 974 1272 gnatum
1005 1208 1160 1258 videoz
1197 1210 1290 1256 eius
1317 1207 1482 1256 iudicio
1502 1210 1716 1275 permitto

568 1290 742 1336 omnia:

465 1366 605 1423 Quod
635 1368 671 1412 is
703 1362 885 1418 iubebit,
917 1363 1085 1412 faciam.
1118 1358 1216 1411 ΡΗ.
1253 1360 1413 1409 mulier
1447 1360 1614 1429 sapiens
1651 1378 1712 1416 es,

561 1447 611 1491 N
614 1439 844 1489 aufistrata.

383 1601 434 1643 51
466 1587 610 1628 Adeon·
640 1586 728 1641 hoc]
757 1582 831 1627 Ms.
859 1597 900 1626 R.
927 1583 994 1627 de-

323 1645 507 1688 fidei-atur
528 1645 623 1684 Hoc.
682 1646 723 1683 L.

381 1702 507 1743 Nostri
547 1699 726 1751 plerique
764 1697 867 1736 Adeo
906 1696 986 1736 boc.

1594 1443 1712 1487 NA.

1043 1584 1176 1626 mulier
1193 1583 1354 1638 sa‘piens
1387 1597 1443 1632 es,
1483 1582 1707 1635 Nausistra-

1040 1656 1092 1682 ta.
1118 1643 1126 1696 Ι
1154 1645 1278 1681 ΝΑν.
1313 1640 1424 1680 Sa‘tin
1436 1639 1705 1690 zibiest,Chre-

1039 1701 1117 1737 me?
1151 1699 1239 1739 CH.
1274 1697 1388 1735 Immo
1416 1709 1502 1734 vero
1524 1706 1594 1734 etc.
1625 1698 1701 1735 De-

323 1761 510 1810 Repone,
540 1756 672 1795 Ade6n
701 1754 893 1807 indignum
921 1753 990 1792 hoc
1037 1752 1174 1802 miplio
1201 1753 1310 1791 enim
1339 1753 1459 1790 laetus
1480 1750 1530 1790 de
1548 1749 1703 1803 prospe·

323 1816 399 1858 tibi
420 1814 583 1854 videtur.
643 1815 686 1851 B.

381 1884 432 1925 53
471 1869 556 1924 Qo
582 1881 646 1907 ore
680 1866 780 1906 illum
807 1864 984 1921 obiurga-

321 1928 399 1983 bis]
431 1929 552 1979 Supra
578 1939 617 1974 v,
643 1934 683 1978 7,
712 1936 776 1976 24.

318 1985 406 2027 dibo
426 1998 490 2022 ore
508 1983 558 2022 ad
576 1996 663 2021 eam.
720 1979 900 2020 quenal.
919 1980 984 2019 Sa-

319 2053 394 2096 tyr.
424 2055 514 2088 xiv,
546 2041 610 2093 56.
647 2038 751 2078 Vnde
776 2034 847 2075 tibi
865 2036 982 2088 fron-

317 2113 393 2140 tem
436 2098 482 2137 ad
504 2109 604 2148 quae
614 2094 730 2134 verba
744 2105 852 2132 vetus
865 2093 981 2133 Scho-

316 2155 444 2196 liastes
485 2154 590 2193 hunc
628 2150 807 2193 Terentii
850 2149 980 2188 locum

315 2211 460 2253 laudat.
490 2202 643 2250 Glossae
653 2206 881 2248 Philoxeni:
900 2204 982 2251 πόιῳ

315 2266 490 2316 προσώπω.
522 2263 980 2320 ᾳααρεῇὸηα,ᾳιια]“νοη-

313 2340 365 2367 te.
399 2325 596 2377 Papinian.
617 2324 640 2362 l.
663 2327 726 2373 38.
752 2324 783 2371 §.
806 2331 840 2359 2.
863 2316 903 2358 ff.
927 2318 978 2358 de

314 2381 525 2421 administr.
556 2390 597 2418 et
623 2379 740 2429 peric.
774 2387 842 2414 tut.
887 2374 977 2429 Qua

306 2440 442 2491 fronte
458 2438 599 2490 poterit
621 2436 686 2474 hoc
696 2432 903 2482 defiderari.
935 2435 974 2472 L.

369 2497 420 2544 56
462 2493 563 2535 Libri
602 2491 740 2531 Faerni
781 2500 820 2529 et
853 2487 974 2528 nostri

309 2549 458 2592 habent
486 2550 633 2588 Videro.
693 2550 734 2587 B.

310 2601 972 2702 fussziffissiiinissf‘ssssk‘iiffiffi22⁶2?

822 1925 913 1979 Qo
932 1936 985 1961 re-

1034 1822 1078 1848 ro
1098 1810 1152 1848 rei
1173 1820 1331 1856 euentu,
1353 1807 1459 1859 quod
1473 1808 1701 1849 Phaedriam

1035 1866 1087 1904 de
1104 1877 1213 1917 patre
1234 1862 1298 1903 suo
1325 1863 1493 1903 iudicem
1521 1863 1700 1906 constitui

1035 1920 1205 1969 videbat,
1229 1919 1287 1960 his
1307 1919 1431 1960 verbis
1451 1921 1582 1960 laudat
1592 1924 1697 1961 Nau-

1033 1977 1228 2018 listi-atam.
1285 1977 1517 2017 Haec'vero
1545 1977 1592 2016 ad
1621 1991 1697 2017 ma-

1032 2035 1160 2081 ritum,
1183 2034 1293 2074 Satin
1312 2033 1385 2073 tibi
1403 2033 1475 2085 est?
1507 2033 1608 2081 dicit,
1639 2048 1693 2074 ro-

1032 2102 1189 2144 gatque,
1212 2105 1261 2130 an
1273 2104 1356 2130 rem
1374 2090 1520 2129 iudicio
1532 2088 1597 2128 filii
1611 2103 1696 2142 per-

1031 2147 1262 2187 mittendam
1286 2144 1540 2187 effecenseat‚
1571 2146 1694 2189 Chre-

1029 2217 1111 2244 mes
1131 2205 1248 2256 igitur
1268 2203 1412 2257 gaudio
1432 2204 1573 2251 elatus,
1601 2216 1691 2245 cum

1028 2260 1097 2300 fibi
1122 2259 1219 2299 nihil
1239 2275 1260 2299 a
1277 2259 1356 2298 filio
1368 2259 1627 2300 metuendum
1639 2257 1692 2299 es-

1028 2315 1092 2366 set,
1114 2316 1291 2366 Pulchre,
1315 2317 1455 2367 inquit,
1488 2326 1560 2355 etc.
1616 2319 1690 2356 lta·

1027 2386 1106 2425 que
1117 2386 1267 2422 omnes,
1292 2385 1399 2411 more
1411 2372 1601 2420 Terentii,
1621 2373 1687 2425 qui

1025 2432 1066 2469 in
1089 2430 1202 2481 culpa
1222 2439 1284 2469 aut
1302 2441 1407 2468 metu
1433 2439 1563 2476 erant,
1596 2428 1687 2468 laeti

1026 2485 1119 2525 hinc
1138 2485 1297 2532 abeunt,
1321 2486 1468 2537 placata
1485 2482 1686 2524 Naufistra-

1026 2553 1073 2581 ta.
1131 2544 1250 2582 Secus
1279 2555 1372 2580 vero
1399 2540 1474 2584 est.
1504 2540 1528 2579 li
1559 2553 1605 2580 ex
1628 2553 1685 2579 ra·

1024 2600 1134 2639 tione
1144 2598 1301 2650 vulgari,
1321 2597 1435 2637 vei-ba
1445 2595 1599 2636 Pulchre
1609 2606 1679 2635 etc.

1021 2655 1070 2694 de
1093 2655 1339 2694 Phorniionis
1368 2653 1515 2692 vltione
1537 2652 1682 2691 intelli·

309 2729 431 2766 trum,
474 2716 559 2768 iplis
588 2715 761 2766 personis
790 2714 967 2752 mutatis:
1021 2721 1175 2761 guntur.
1235 2707 1599 2755 Namital'hormio,
1622 2720 1677 2746 re-

309 2775 426 2832 Qum
451 2776 481 2813 is
499 2772 655 2817 iubebit,
674 2772 842 2823 stisiam.
878 2771 966 2808 Du.
1018 2756 1175 2806 fanniam
1188 2762 1679 2817 tranquillatis.Phaedriae

1563 2822 1675 2860 amici

1874 2386 1875 2416 ᾼᾼ
1868 2337 1870 2342 -
1868 2304 1871 2320 -
1868 2161 1875 2290 mma?
1869 2124 1875 2147 ς»
