1875 3292
383 202 475 262 196

761 205 916 252 AcT.
948 207 1005 254 v.
1038 205 1238 268 SeEN.
1272 207 1373 257 vn.·

514 333 639 379 Pater
668 331 937 398 lepidiffime.
970 331 1076 381 DE.
1111 337 1248 396 euge!
1283 337 1370 383 iam
1399 336 1574 402 lepidus
1597 355 1746 388 vocor.

514 408 656 454 Fratri
680 407 804 455 aedes
828 406 936 456 fient
958 412 1162 474 peruiaez
1193 409 1366 458 turbam
1390 411 1574 460 domum

417 501 476 549 ις
511 483 738 541 Adducet,
772 495 815 531 et
832 483 1020 532 sumtum
1039 481 1250 533 admittet.
1289 487 1447 545 multa;
1485 489 1593 553 quid
1615 487 1748 544 mea?

509 561 609 619 Ego
630 559 803 624 lepidus
823 561 926 607 ineo
948 563 1152 622 gratiam:
1188 561 1292 609 iube
1315 580 1434 612 nunc
1452 565 1538 612 iam

507 636 775 684 Dinumeret
794 636 857 683 illi
876 636 1042 702 Babylo
1065 639 1223 700 viginti
1245 639 1399 689 minas,

436 869 484 910 13
527 857 649 913 Euge!
687 860 762 898 iam
794 855 934 914 lepidus
969 872 1034 901 vo-

375 915 459 969 cor]
499 917 676 967 Apparet
698 919 889 957 Demeam
917 930 1034 970 expe-

376 970 500 1011 riendi
514 968 622 1009 causa
632 969 820 1022 affentari,
833 987 915 1014 non
928 974 1035 1027 quod

377 1027 513 1066 animo
531 1025 656 1066 faciat.
711 1031 762 1070 D.

436 1083 514 1123 Iam
541 1083 681 1138 lepidus
707 1085 842 1141 vocor]
872 1087 1035 1128 Miratur

376 1134 510 1188 senex,
529 1138 597 1178 sibi
615 1138 729 1194 lepidi
745 1155 894 1185 nomen
914 1144 1036 1195 impo-

375 1194 432 1234 ni.
460 1206 501 1234 et
528 1198 718 1236 memoria
743 1198 784 1237 in
802 1193 841 1238 se‘
866 1199 1035 1249 rediens,

379 1263 459 1303 qua
476 1247 640 1302 iufferat,
659 1264 708 1305 vtg
719 1255 886 1295 maceria
905 1255 1037 1295 dirue-

376 1317 494 1357 retur,
524 1305 653 1348 secum
680 1310 873 1362 loquitur:
903 1312 1038 1352 fratri

376 1364 482 1403 aedes
493 1362 589 1415 fient
602 1367 769 1418 peruiae.
814 1366 892 1408 Sed
909 1366 1035 1408 rursus

377 1420 480 1459 redit
512 1419 560 1460 ad
592 1421 750 1463 laudem
774 1421 843 1462 fibi
874 1423 1033 1466 dietam:

375 1475 482 1531 Qu'd
515 1478 620 1517 mea?
656 1479 738 1535 Ego
777 1479 917 1534 lepidus
950 1484 1033 1520 ineo

372 1535 550 1588 gratiam.
605 1536 647 1574 E.

435 1601 485 1641 14
502 1589 638 1629 Fratri
647 1591 749 1631 aedes
757 1589 852 1642 fient
861 1593 1034 1648 peruiae]

372 1645 604 1698 Elegantius
629 1659 744 1697 quam
766 1646 928 1689 Fratris.
959 1651 1007 1689 D.

434 1711 484 1753 15
510 1700 646 1743 Bemb.
666 1701 783 1742 habet
799 1704 971 1745 Sannum
997 1718 1034 1743 a·

372 1758 510 1804 mittet,
529 1756 659 1796 deleto
687 1759 754 1798 illo
772 1757 842 1809 Et,
873 1758 976 1811 qnod
995 1770 1035 1799 et

372 1807 506 1851 versus
524 1811 678 1865 respuit.
716 1812 895 1868 Plerique
915 1815 1031 1855 nostri

378 1878 509 1908 autem
529 1871 644 1919 reste,
663 1871 861 1916 Admittet.
920 1875 959 1913 13.

436 1928 487 1966 16
514 1923 596 1981 Ego
624 1927 779 1979 lepidus]
808 1927 977 1968 Irridens
996 1942 1031 1967 a·

372 1978 604 2022 dolescentis
631 1984 802 2023 animum
823 1984 870 2024 {ic
890 1985 1031 2037 inquit.

372 2037 458 2076 Ineo
484 2039 670 2093 gratiam]
702 2042 748 2079 In
777 2042 938 2093 gratiam
968 2054 1029 2090 e0,

372 2092 447 2132 hoc
467 2094 532 2144 est,
554 2095 696 2134 amicos
720 2110 913 2149 comparo.
969 2097 1032 2136 Ju-

371 2147 416 2188 be
431 2151 633 2206 nunciam]
654 2150 877 2193 Insultantis
887 2153 939 2192 est
951 2167 1028 2193 vei·-

370 2205 465 2244 bum
491 2204 599 2257 Iube,
645 2218 829 2260 tanquam
864 2209 1030 2262 praestet

368 2263 567 2316 (tanquam
615 2265 820 2318 praestrui)
863 2267 1026 2307 Micioni

370 2317 444 2357 hoc
473 2319 567 2358 dicit
595 2324 760 2362 Demea.
816 2325 896 2364 Aut
922 2322 1025 2374 apud

369 2371 409 2412 se
431 2375 524 2413 dicit
541 2374 624 2416 hoc.
683 2377 772 2417 Iube
783 2382 891 2423 nunc]
911 2377 1025 2430 Quali

368 2427 597 2472 infultantes
661 2434 791 2474 dicere
844 2434 1024 2484 solemus,

369 2498 475 2524 minc
505 2489 662 2538 minari,
704 2504 810 2530 nunc
848 2491 1023 2539 assistere,

365 2554 485 2592 quem
518 2544 697 2585 affliftum
738 2558 933 2587 tenemus:
973 2548 1023 2585 ira

364 2607 405 2636 et
423 2599 586 2637 Micioni
622 2605 769 2642 Demea
793 2605 904 2649 dicit,
934 2602 1022 2643 Iube

365 2665 474 2692 nunc.
532 2655 615 2693 Iube
642 2671 734 2697 nunc
763 2663 836 2698 iam
856 2663 1020 2699 dinume·

362 2722 423 2750 ret
447 2707 592 2767 Babylo*
616 2713 670 2752 illi
707 2715 848 2772 viginti
878 2716 1018 2770 manas]

1615 720 1746 791 §yma

1083 860 1206 902 Nimis
1225 856 1372 901 morale
1390 859 1454 910 est,
1475 873 1595 914 quum
1616 861 1667 901 de
1679 862 1745 902 ab·

1085 915 1193 958 sente
1229 928 1413 969 tanquam
1448 918 1499 958 de
1537 916 1744 970 praesente

1085 975 1248 1028 agimus,
1307 974 1368 1016 Est
1387 986 1529 1024 autem,
1550 974 1744 1014 lube-nunc

1083 1035 1168 1081 iam,
1188 1029 1310 1083 figura
1321 1032 1439 1071 etiam
1449 1032 1553 1084 apud
1567 1031 1744 1072 Plautum

1083 1086 1251 1140 frequen
1259 1087 1402 1127 tissima.
1446 1086 1532 1127 Iube
1544 1101 1638 1127 nunc
1647 1087 1743 1143 iam]

1084 1142 1174 1183 Iube
1200 1142 1247 1182 lie
1265 1145 1379 1193 dicit,
1413 1144 1744 1196 quemadmodum

1084 1197 1195 1253 supra
1212 1200 1290 1248 ille,
1319 1201 1389 1252 qui
1409 1214 1530 1253 quum
1557 1201 1654 1240 alius
1674 1213 1746 1240 ne-

1085 1270 1150 1296 mo
1167 1254 1323 1305 adess‘et,
1343 1257 1458 1296 alicui
1469 1256 1614 1296 diceret
1624 1259 1745 1308 (ivea

1073 1310 1130 1364 fic
1147 1313 1257 1363 dicit,
1289 1313 1588 1366 quevmdmodum
1605 1313 1742 1366 stapra.

1086 1367 1198 1424 [vers.
1222 1368 1304 1423 10.]
1331 1382 1443 1410 ILLI.
1500 1368 1594 1412 cui?
1620 1371 1744 1423 ecquis

1084 1427 1248 1467 amicus?
1279 1438 1382 1465 nemo
1407 1425 1522 1481 adest,
1559 1428 1618 1465 cui
1646 1427 1743 1468 dice-

1084 1483 1169 1534 ret).
1224 1484 1273 1523 D.

1139 1539 1222 1577 Iam
1240 1539 1443 1578 dinumeret
1463 1536 1520 1578 ille
1536 1537 1678 1589 Babylo
1690 1541 1743 1578 vi-

1081 1595 1185 1649 ginti
1216 1595 1350 1649 minas]
1384 1594 1572 1649 Babyloni
1595 1595 1742 1634 milites

1085 1650 1185 1689 stulti
1210 1649 1445 1690 dicebantur.
1500 1650 1580 1690 Alii
1601 1651 1743 1689 intelli-

1082 1716 1182 1757 gunt
1218 1705 1440 1758 Baby-lones
1477 1706 1617 1744 diuites
1650 1704 1742 1746 effe.

1082 1764 1131 1801 Et
1159 1760 1220 1800 hic
1242 1758 1366 1799 sensus
1389 1761 1455 1801 ille
1482 1761 1536 1800 est
1555 1775 1666 1814 ergo,
1700 1773 1743 1809 vt¹

1080 1818 1203 1858 Micio
1231 1816 1374 1869 Babylo
1400 1817 1453 1865 lit,
1494 1819 1561 1870 qui
1598 1819 1738 1872 viginti

1080 1873 1205 1912 minas
1247 1872 1355 1911 dedit
1404 1886 1472 1924 pro
1519 1877 1737 1922 meretrice,

1080 1943 1183 1980 quae
1200 1940 1308 1980 rapta
1330 1927 1396 1968 est.
1439 1933 1526 1982 Ego
1544 1943 1648 1969 nunc
1659 1933 1737 1971 iam

1079 1985 1219 2038 lepidus
1247 1999 1384 2032 vocor,
1426 1986 1541 2026 Micio
1564 1986 1654 2027 licet
1677 1991 1736 2027 vi-

1080 2043 1179 2095 ginti
1206 2043 1328 2080 minas
1350 2041 1523 2092 dederit,
1552 2040 1628 2082 hoc
1656 2055 1738 2084 tan·

1078 2109 1158 2137 tum
1178 2097 1268 2151 (hoc
1292 2111 1413 2137 tamen
1433 2112 1505 2138 non
1536 2097 1600 2151 Z.)
1628 2113 1733 2141 acee-

1078 2155 1135 2206 pit
1153 2167 1309 2203 nomen,
1329 2166 1405 2206 ego
1426 2154 1505 2195 fine
1517 2152 1637 2195 sumtu
1650 2157 1732 2196 lau-

1077 2210 1158 2250 dor.
1215 2212 1259 2252 E.

1134 2279 1184 2319 17
1227 2266 1466 2321 Dinumeret]
1507 2267 1731 2310 Dinumeret

1076 2323 1193 2370 dixit,
1221 2322 1323 2375 quali
1348 2324 1510 2362 multum
1541 2338 1731 2366 numeret.

1076 2378 1154 2426 Illi]
1184 2381 1258 2420 Cui
1286 2378 1370 2419 1111‘?
1399 2379 1647 2432 Cteliphoni‚
1677 2384 1731 2422 le-

1075 2436 1192 2480 noni,
1219 2449 1267 2474 an
1290 2432 1508 2479 Aeschino?
1534 2451 1584 2476 an
1606 2439 1731 2492 Syro?

1072 2489 1228 2541 Babylo]
1254 2492 1431 2539 Fratrem,
1442 2491 1664 2545 Babylonem
1676 2495 1727 2533 ob

1071 2549 1231 2586 nimiam
1245 2547 1512 2588 liberalitatem
1527 2561 1651 2588 vocnt:
1673 2564 1724 2590 :m

1068 2602 1285 2653 Aeschinum
1298 2605 1411 2644 nimis
1422 2604 1655 2658 prodigum?
1675 2608 1724 2646 D.

1124 2657 1180 2697 Illi
1207 2659 1365 2711 Babylo]
1395 2658 1467 2704 Ms-
1493 2663 1536 2702 R.
1563 2659 1628 2704 Ille
1650 2662 1724 2701 Ba-

1048 2712 1051 2716 ’
1068 2713 1164 2768 hylo.
1220 2719 1260 2760 L.

1649 2777 1722 2815 Pr·
