1875 3308
616 205 942 254 ‘AD-ELPH.

1363 202 1457 260 169

234 336 282 390 D
297 353 340 387 E.
377 331 504 386 Tun'
528 334 560 385 fi
583 352 706 384 meus
730 331 863 382 effes?
900 330 932 380 S
949 345 996 379 Y.
1041 329 1104 378 dis
1128 327 1310 393 quidem·
1337 324 1456 379 esses.

332 419 513 467 Demea,

236 494 302 539 Ac
334 501 455 538 tuam
482 505 577 537 rem
609 480 920 536 constabiliss‘eS.
969 479 1074 529 DE.
1121 479 1371 551 exemplum
1400 495 1460 535 vo-

334 565 511 613 mnibus

136 641 204 694 ἰο
236 645 448 691 Curarem
477 652 523 689 vt
550 636 669 688 esses.
708 635 795 686 Sv.
831 631 1150 699 quamobrem?
1196 630 1305 696 quid
1344 629 1461 678 feci?

339 715 385 764 D
401 730 443 763 f..
478 716 641 778 rogas?

236 797 290 840 In
316 793 403 858 ipsa
424 791 565 848 turba,
588 800 714 853 atque
735 790 780 835 in
803 796 980 854 peccato
1001 778 1234 837 maxumo,³

241 869 379 924 Quod
403 870 473 915 vix
492 867 683 914 sedatum
703 864 796 911 satis
818 861 890 916 est,
912 859 1101 928 potastis,
1128 858 1277 916 scelus,

243 941 376 1000 Quasi
399 959 447 992 re
469 942 581 991 bene
601 938 730 1004 gesta.
764 935 856 987 ΒΥ.
890 937 988 987 sane
1010 936 1175 984 nollem
1186 935 1276 981 huc
1287 934 1466 980 exitum.

160 1199 369 1254 Distingue
389 1181 473 1253 post
492 1170 591 1239 Ittm:
617 1206 655 1238 vt
679 1194 763 1238 sen-

109 1254 166 1298 sus
184 1258 238 1306 fit,
260 1256 348 1297 ohe
368 1257 442 1296 iam
463 1255 608 1296 define.
652 1257 764 1295 Vnus

105 1328 132 1354 e
152 1314 287 1354 nostris
307 1327 390 1353 non
413 1313 513 1352 male
531 1311 648 1352 habet
668 1310 765 1351 Fun-

109 1371 180 1411 des.
236 1373 276 1411 B.

170 1490 193 1533 8
222 1482 297 1522 Dis
313 1481 463 1535 'quidem
482 1479 581 1532 effic,
609 1477 766 1532 Demea]

114 1540 177 1581 Ab
199 1552 246 1578 eo
269 1538 372 1589 quod
395 1537 448 1577 est
465 1537 558 1584 Dis,
588 1535 688 1583 ditis,
713 1534 771 1573 di-

117 1610 171 1637 tes
199 1596 314 1634 facit:
345 1593 392 1632 ab
423 1605 471 1631 eo
492 1590 595 1644 quod
625 1590 680 1629 est
698 1590 772 1629 Di-

115 1663 188 1700 ues,
208 1651 347 1697 diuitis,
367 1649 514 1687 diuites.
568 1650 621 1687 D.

174 1708 251 1748 Dis
269 1705 411 1759 quidem
427 1703 518 1757 effis,
539 1703 693 1745 Demea]
720 1703 773 1740 Vt

117 1763 160 1803 fit
189 1762 421 1808 declinatio,
453 1759 516 1798 hic
537 1757 632 1807 Dis,
659 1756 773 1796 huius

117 1821 230 1862 Ditis.
283 1820 327 1858 E.

175 1877 303 1915 Plures
325 1883 365 1912 et
386 1873 567 1912 meliores
586 1869 686 1917 libri,
720 1868 776 1908 Tu

114 1931 158 1984 fi
170 1945 263 1970 meus
278 1928 369 1981 cffl‘s.
394 1928 521 1969 Re3e.
576 1929 676 1966 Nam
688 1938 776 1963 con-

123 1990 290 2026 tinuatur
305 1986 432 2023 oratio
444 2012 454 2031 ‚
482 1982 643 2035 exemplo
663 1982 775 2021 omni·

122 2044 190 2083 bus
210 2054 373 2081 curarem
393 2054 436 2079 vt
456 2038 545 2092 effes.
601 2041 639 2080 Β.

180 2166 231 2196 10
258 2151 528 2208 Quamobrem?
554 2150 648 2204 quid
653 2149 735 2202 feci
744 2147 778 2202 ἲ]

125 2209 230 2253 Nihil
252 2222 355 2249 nunc
376 2210 415 2248 in
428 2210 525 2261 Syro
542 2206 609 2247 nifi
623 2205 782 2256 fimpiex

126 2278 166 2308 ct
194 2279 334 2318 purum
366 2265 415 2304 ob
435 2265 675 2304 ebrietatem.
732 2265 781 2302 Et

126 2322 236 2369 vide,
267 2318 544 2376 Quamobrem?
571 2318 663 2372 quid
673 2317 782 2369 fici?

128 2381 272 2428 dicere,
293 2390 372 2416 non
384 2374 460 2417 effe
478 2375 697 2427 sobriiSyri.
729 2376 779 2415 D.

188 2503 234 2533 11
267 2488 312 2529 In
339 2488 414 2540 ipfiz
439 2488 564 2537 turha]
594 2490 686 2528 Non
715 2483 783 2523 mi-

131 2561 203 2589 nus
233 2546 392 2585 ridicula
419 2545 688 2596 importunitas
708 2543 786 2580 De-

129 2617 243 2644 meae
265 2602 328 2649 est,
359 2613 472 2651 quam
493 2600 660 2639 ebrietas
679 2597 785 2650 Syri:

132 2661 196 2710 qui
221 2655 418 2698 adum-sum
437 2656 688 2694 temulentum
707 2665 788 2692 tan-

135 2728 197 2755 tae
226 2713 421 2770 grauitatis
461 2712 638 2751 oratioue
667 2707 789 2762 perso-

1231 1045 1472 1093 ACTVS

812 1203 894 1244 nat,
913 1203 952 1234 vt
973 1205 1021 1233 ex
1039 1190 1205 1231 dicentis
1224 1187 1329 1228 vultu
1341 1196 1379 1225 et
1390 1196 1472 1224 ver-

814 1252 890 1301 bis,
921 1261 960 1291 et
989 1262 1037 1289 ex
1062 1245 1256 1288 audientis
1274 1242 1408 1282 habitu
1429 1250 1470 1279 et

815 1308 974 1360 stupore
1009 1316 1190 1358 magnam
1230 1300 1471 1351 voluptatem

816 1363 1034 1417 percipiant
1080 1359 1315 1412 spectatores.
1361 1349 1471 1393 vides

817 1422 924 1459 enim
952 1427 1097 1469 quanto
1127 1413 1308 1467 pondere
1335 1408 1474 1449 verbo-

819 1489 903 1516 rum
922 1487 1007 1513 cum
1028 1472 1136 1511 ebrio
1155 1470 1294 1522 litiget.
1350 1469 1400 1507 D.

880 1599 928 1629 12
951 1583 1115 1636 Potastix,
1126 1579 1262 1636 scelus]
1271 1582 1362 1620 Non
1371 1574 1474 1628 quod

822 1643 907 1695 plus
929 1641 1033 1680 videt
1053 1637 1184 1684 senex,
1207 1649 1322 1688 quam
1344 1633 1480 1672 obiici-

824 1712 884 1737 tur
913 1698 1050 1736 oculis:
1080 1690 1144 1732 sed
1181 1691 1348 1731 oratorie
1371 1700 1479 1742 pota-

814 1755 895 1808 stis,
916 1753 1024 1799 dixit,
1053 1763 1171 1802 quum
1189 1761 1306 1786 vnum
1327 1745 1480 1785 ebrium

824 1820 974 1850 cernat:
999 1817 1158 1860 propter
1177 1803 1273 1843 illud
1295 1801 1399 1854 quod
1418 1803 1481 1849 ait,

824 1865 1037 1916 Exemplum
1066 1862 1284 1913 disciplinae.
1317 1856 1418 1910 quali
1437 1858 1480 1894 in

826 1922 1005 1963 omnibus
1025 1919 1077 1966 sit,
1097 1917 1202 1969 quod
1221 1917 1263 1955 in
1281 1928 1358 1953 vno
1373 1925 1481 1952 nunc

825 1977 1015 2032 aspicitur.
1071 1974 1263 2026 Virgilius
1282 1973 1404 2024 (Aen.
1434 1981 1480 2016 ιι,

825 2036 937 2088 65.),
964 2032 1015 2072 Et
1043 2033 1194 2070 crimine
1221 2026 1265 2066 al·
1287 2040 1357 2065 vno
1389 2024 1485 2076 disce

827 2104 961 2132 onmes.
1016 2091 1064 2128 D.

910 2145 1048 2186 Faerni
1096 2152 1136 2181 et
1183 2138 1295 2179 nostri
1346 2149 1483 2176 omnes

831 2202 956 2246 Codd.
975 2200 1121 2240 habent
1140 2197 1242 2236 recle
1259 2193 1410 2243 Potasti.
1443 2197 1483 2233 Β.

887 2327 935 2366 13
967 2312 1062 2351 Sane
1086 2308 1215 2348 nollem
1233 2305 1300 2344 lmc
1321 2305 1486 2358 exitum]

830 2375 880 2412 Et
907 2369 982 2408 hoc
1012 2366 1154 2405 dic-“ium
1173 2373 1404 2415 argumento
1423 2361 1489 2407 est,

832 2430 969 2473 Syrum
991 2422 1153 2462 oblitum
1174 2420 1349 2457 omnium
1364 2429 1489 2457 rerum

834 2474 932 2522 n'iliil
967 2473 1202 2531 respondiss'e
1220 2477 1394 2514 Demeae
1422 2487 1490 2524 pet·

835 2536 1024 2578 fallaciam
1043 2550 1051 2574 :
1109 2530 1174 2571 sed
1222 2531 1489 2569 tantummodo

836 2593 1042 2647 poenitere
1062 2587 1167 2641 quod
1189 2587 1338 2627 exierit.
1384 2590 1435 2626 D.

890 2648 1034 2689 Nollem
1060 2644 1129 2684 huc
1153 2641 1310 2697 exitum]
1348 2639 1419 2684 Ms.
1450 2643 1490 2681 R.

837 2704 983 2747 Nollem
1003 2702 1098 2743 hunc
1117 2702 1275 2742 exitum.
1331 2701 1371 2738 L.
