<?xml version="1.0" encoding="UTF-8"?>
<!DOCTYPE html PUBLIC "-//W3C//DTD XHTML 1.0 Transitional//EN"
    "http://www.w3.org/TR/xhtml1/DTD/xhtml1-transitional.dtd">
<html xmlns="http://www.w3.org/1999/xhtml" xml:lang="en" lang="en">
 <head>
  <title>
</title>
<meta http-equiv="Content-Type" content="text/html;charset=utf-8" />
  <meta name='ocr-system' content='tesseract 3.04.00' />
  <meta name='ocr-capabilities' content='ocr_page ocr_carea ocr_par ocr_line ocrx_word'/>
</head>
<body>
  <div class='ocr_page' id='page_1' title='image "./comoediaesexexre02tereuoft_0603.png"; bbox 0 0 1827 3180; ppageno 0'>
   <div class='ocr_carea' id='block_1_1' title="bbox 575 51 928 98">
    <p class='ocr_par' dir='ltr' id='par_1_1' title="bbox 575 51 928 98">
     <span class='ocr_line' id='line_1_1' title="bbox 575 51 928 98; baseline 0 0"><span class='ocrx_word' id='word_1_1' title='bbox 575 51 928 98; x_wconf 83' lang='lat' dir='ltr'><strong>PHORMIO.</strong></span> 
     </span>
    </p>
   </div>
   <div class='ocr_carea' id='block_1_2' title="bbox 1342 70 1437 117">
    <p class='ocr_par' dir='ltr' id='par_1_2' title="bbox 1342 70 1437 117">
     <span class='ocr_line' id='line_1_2' title="bbox 1342 70 1437 117; baseline 0.021 -2"><span class='ocrx_word' id='word_1_2' title='bbox 1342 70 1437 117; x_wconf 81' lang='lat'>575</span> 
     </span>
    </p>
   </div>
   <div class='ocr_carea' id='block_1_3' title="bbox 95 178 1441 852">
    <p class='ocr_par' dir='ltr' id='par_1_3' title="bbox 189 178 1231 233">
     <span class='ocr_line' id='line_1_3' title="bbox 189 178 1231 233; baseline -0.007 0"><span class='ocrx_word' id='word_1_3' title='bbox 189 185 393 233; x_wconf 84' lang='lat' dir='ltr'>Paratum</span> <span class='ocrx_word' id='word_1_4' title='bbox 410 196 483 228; x_wconf 86' lang='lat' dir='ltr'>me</span> <span class='ocrx_word' id='word_1_5' title='bbox 506 178 612 228; x_wconf 81' lang='lat' dir='ltr'>effe:</span> <span class='ocrx_word' id='word_1_6' title='bbox 657 180 730 228; x_wconf 85' lang='lat' dir='ltr'>vbi</span> <span class='ocrx_word' id='word_1_7' title='bbox 753 181 894 232; x_wconf 83' lang='lat' dir='ltr'>voltis,</span> <span class='ocrx_word' id='word_1_8' title='bbox 916 196 1095 227; x_wconf 78' lang='lat' dir='ltr'>vxorem</span> <span class='ocrx_word' id='word_1_9' title='bbox 1121 180 1231 229; x_wconf 80' lang='lat' dir='ltr'>date.</span> 
     </span>
    </p>

    <p class='ocr_par' dir='ltr' id='par_1_4' title="bbox 95 256 1441 624">
     <span class='ocr_line' id='line_1_4' title="bbox 95 256 1362 323; baseline -0.001 -16"><span class='ocrx_word' id='word_1_10' title='bbox 95 275 155 322; x_wconf 84' lang='lat'>15</span> <span class='ocrx_word' id='word_1_11' title='bbox 192 264 314 308; x_wconf 87' lang='lat' dir='ltr'>Nam</span> <span class='ocrx_word' id='word_1_12' title='bbox 336 260 480 308; x_wconf 86' lang='lat' dir='ltr'>omnis</span> <span class='ocrx_word' id='word_1_13' title='bbox 503 256 734 323; x_wconf 83' lang='lat' dir='ltr'>posthabui</span> <span class='ocrx_word' id='word_1_14' title='bbox 754 257 866 303; x_wconf 81' lang='lat' dir='ltr'>mihi</span> <span class='ocrx_word' id='word_1_15' title='bbox 885 272 968 308; x_wconf 73' lang='lat' dir='ltr'>reS,</span> <span class='ocrx_word' id='word_1_16' title='bbox 999 258 1058 303; x_wconf 85' lang='lat' dir='ltr'>ita</span> <span class='ocrx_word' id='word_1_17' title='bbox 1080 260 1140 303; x_wconf 81' lang='lat' dir='ltr'>vti</span> <span class='ocrx_word' id='word_1_18' title='bbox 1160 275 1241 322; x_wconf 83' lang='lat' dir='ltr'>par</span> <span class='ocrx_word' id='word_1_19' title='bbox 1263 258 1362 312; x_wconf 76' lang='lat' dir='ltr'>fuit,</span> 
     </span>
     <span class='ocr_line' id='line_1_5' title="bbox 194 332 1441 398; baseline -0.001 -16"><span class='ocrx_word' id='word_1_20' title='bbox 194 333 426 398; x_wconf 86' lang='lat' dir='ltr'>Postquam</span> <span class='ocrx_word' id='word_1_21' title='bbox 449 345 677 398; x_wconf 83' lang='lat' dir='ltr'>tantopere</span> <span class='ocrx_word' id='word_1_22' title='bbox 703 332 749 379; x_wconf 91' lang='lat' dir='ltr'>id</span> <span class='ocrx_word' id='word_1_23' title='bbox 778 349 855 380; x_wconf 89' lang='lat' dir='ltr'>vos</span> <span class='ocrx_word' id='word_1_24' title='bbox 887 332 1001 379; x_wconf 87' lang='lat' dir='ltr'>velle</span> <span class='ocrx_word' id='word_1_25' title='bbox 1026 334 1441 386; x_wconf 82' lang='lat' dir='ltr'>animaduorteram.</span> 
     </span>
     <span class='ocr_line' id='line_1_6' title="bbox 195 406 1440 460; baseline -0.002 -2"><span class='ocrx_word' id='word_1_26' title='bbox 195 409 246 459; x_wconf 89' lang='lat' dir='ltr'>D</span> <span class='ocrx_word' id='word_1_27' title='bbox 261 423 302 456; x_wconf 87' lang='grc' dir='ltr'>Ε.</span> <span class='ocrx_word' id='word_1_28' title='bbox 340 415 400 456; x_wconf 85' lang='lat' dir='ltr'>At</span> <span class='ocrx_word' id='word_1_29' title='bbox 421 409 490 456; x_wconf 86' lang='lat' dir='ltr'>hic</span> <span class='ocrx_word' id='word_1_30' title='bbox 511 410 762 455; x_wconf 74' lang='lat' dir='ltr'>dehortatus</span> <span class='ocrx_word' id='word_1_31' title='bbox 783 406 842 454; x_wconf 88' lang='lat' dir='ltr'>est</span> <span class='ocrx_word' id='word_1_32' title='bbox 859 424 943 460; x_wconf 86' lang='lat' dir='ltr'>me,</span> <span class='ocrx_word' id='word_1_33' title='bbox 965 424 1021 453; x_wconf 89' lang='lat' dir='ltr'>ne</span> <span class='ocrx_word' id='word_1_34' title='bbox 1043 409 1160 454; x_wconf 87' lang='lat' dir='ltr'>illam</span> <span class='ocrx_word' id='word_1_35' title='bbox 1182 410 1260 456; x_wconf 75' lang='lat' dir='ltr'>tibi</span> <span class='ocrx_word' id='word_1_36' title='bbox 1276 411 1440 458; x_wconf 84' lang='lat' dir='ltr'>darem.</span> 
     </span>
     <span class='ocr_line' id='line_1_7' title="bbox 193 482 1394 550; baseline -0.001 -17"><span class='ocrx_word' id='word_1_37' title='bbox 193 490 318 534; x_wconf 88' lang='lat' dir='ltr'>Nam</span> <span class='ocrx_word' id='word_1_38' title='bbox 343 488 419 550; x_wconf 85' lang='lat' dir='ltr'>qui</span> <span class='ocrx_word' id='word_1_39' title='bbox 443 487 700 543; x_wconf 29' lang='lat' dir='ltr'>eritsrumot</span> <span class='ocrx_word' id='word_1_40' title='bbox 719 483 889 548; x_wconf 87' lang='lat' dir='ltr'>populi,</span> <span class='ocrx_word' id='word_1_41' title='bbox 913 485 1070 546; x_wconf 83' lang='lat' dir='ltr'>inquit,</span> <span class='ocrx_word' id='word_1_42' title='bbox 1091 482 1121 529; x_wconf 78' lang='lat' dir='ltr'>si</span> <span class='ocrx_word' id='word_1_43' title='bbox 1144 485 1188 530; x_wconf 90' lang='lat' dir='ltr'>id</span> <span class='ocrx_word' id='word_1_44' title='bbox 1208 485 1394 532; x_wconf 84' lang='lat' dir='ltr'>feceris?</span> 
     </span>
     <span class='ocr_line' id='line_1_8' title="bbox 197 559 1327 624; baseline -0.001 -16"><span class='ocrx_word' id='word_1_45' title='bbox 197 562 322 608; x_wconf 88' lang='lat' dir='ltr'><strong>Olim</strong></span> <span class='ocrx_word' id='word_1_46' title='bbox 345 578 482 624; x_wconf 87' lang='lat' dir='ltr'>quum</span> <span class='ocrx_word' id='word_1_47' title='bbox 506 559 684 608; x_wconf 82' lang='lat' dir='ltr'>honeste</span> <span class='ocrx_word' id='word_1_48' title='bbox 708 561 866 624; x_wconf 86' lang='lat' dir='ltr'>potuit,</span> <span class='ocrx_word' id='word_1_49' title='bbox 889 570 985 606; x_wconf 86' lang='lat' dir='ltr'>tum</span> <span class='ocrx_word' id='word_1_50' title='bbox 1007 577 1099 606; x_wconf 88' lang='lat' dir='ltr'>non</span> <span class='ocrx_word' id='word_1_51' title='bbox 1125 559 1185 606; x_wconf 89' lang='lat' dir='ltr'>est</span> <span class='ocrx_word' id='word_1_52' title='bbox 1211 560 1327 607; x_wconf 82' lang='lat' dir='ltr'>data:</span> 
     </span>
    </p>

    <p class='ocr_par' dir='ltr' id='par_1_5' title="bbox 101 624 1441 852">
     <span class='ocr_line' id='line_1_9' title="bbox 101 624 1441 700; baseline -0.001 -15"><span class='ocrx_word' id='word_1_53' title='bbox 101 654 165 689; x_wconf 77' lang='lat'>20</span> <span class='ocrx_word' id='word_1_54' title='bbox 201 624 340 686; x_wconf 72' lang='lat' dir='ltr'>Nunc</span> <span class='ocrx_word' id='word_1_55' title='bbox 354 638 527 684; x_wconf 80' lang='lat' dir='ltr'>viduam</span> <span class='ocrx_word' id='word_1_56' title='bbox 542 631 923 700; x_wconf 77' lang='lat' dir='ltr'>extruditurpe&#39;st:</span> <span class='ocrx_word' id='word_1_57' title='bbox 945 636 1082 682; x_wconf 88' lang='lat' dir='ltr'>ferme</span> <span class='ocrx_word' id='word_1_58' title='bbox 1102 634 1255 682; x_wconf 86' lang='lat' dir='ltr'>eadem</span> <span class='ocrx_word' id='word_1_59' title='bbox 1276 639 1441 697; x_wconf 83' lang='lat' dir='ltr'>omnia,</span> 
     </span>
     <span class='ocr_line' id='line_1_10' title="bbox 199 711 1206 769; baseline -0.003 -9"><span class='ocrx_word' id='word_1_60' title='bbox 199 719 328 769; x_wconf 87' lang='lat' dir='ltr'><strong>Quae</strong></span> <span class='ocrx_word' id='word_1_61' title='bbox 350 724 442 759; x_wconf 88' lang='lat' dir='ltr'>tute</span> <span class='ocrx_word' id='word_1_62' title='bbox 465 712 634 759; x_wconf 85' lang='lat' dir='ltr'><strong>dudum</strong></span> <span class='ocrx_word' id='word_1_63' title='bbox 657 727 802 757; x_wconf 81' lang='lat' dir='ltr'>coram</span> <span class='ocrx_word' id='word_1_64' title='bbox 822 727 894 757; x_wconf 89' lang='lat' dir='ltr'>me</span> <span class='ocrx_word' id='word_1_65' title='bbox 920 711 1206 757; x_wconf 79' lang='lat' dir='ltr'>incusaueras.</span> 
     </span>
     <span class='ocr_line' id='line_1_11' title="bbox 195 783 1438 852; baseline 0.002 -17"><span class='ocrx_word' id='word_1_66' title='bbox 195 789 299 840; x_wconf 80' lang='lat' dir='ltr'>PH.</span> <span class='ocrx_word' id='word_1_67' title='bbox 339 786 471 835; x_wconf 82' lang='lat' dir='ltr'>Satin’</span> <span class='ocrx_word' id='word_1_68' title='bbox 500 787 685 852; x_wconf 84' lang='lat' dir='ltr'>superbe</span> <span class='ocrx_word' id='word_1_69' title='bbox 706 786 885 834; x_wconf 86' lang='lat' dir='ltr'>illuditis</span> <span class='ocrx_word' id='word_1_70' title='bbox 917 785 1021 834; x_wconf 88' lang='lat' dir='ltr'>me?</span> <span class='ocrx_word' id='word_1_71' title='bbox 1052 783 1156 833; x_wconf 77' lang='lat' dir='ltr'>DE.</span> <span class='ocrx_word' id='word_1_72' title='bbox 1191 787 1299 851; x_wconf 82' lang='lat' dir='ltr'>qui?</span> <span class='ocrx_word' id='word_1_73' title='bbox 1336 787 1438 838; x_wconf 83' lang='lat' dir='ltr'>PH.</span> 
     </span>
    </p>
   </div>
   <div class='ocr_carea' id='block_1_4' title="bbox 296 865 457 924">
    <p class='ocr_par' dir='ltr' id='par_1_6' title="bbox 296 865 457 924">
     <span class='ocr_line' id='line_1_12' title="bbox 296 865 457 924; baseline -0.012 -13"><span class='ocrx_word' id='word_1_74' title='bbox 296 881 424 924; x_wconf 62' lang='lat' dir='ltr'>rogas</span> <span class='ocrx_word' id='word_1_75' title='bbox 435 865 457 909; x_wconf 76' lang='lat' dir='ltr'>‘t&#39;</span> 
     </span>
    </p>
   </div>
   <div class='ocr_carea' id='block_1_5' title="bbox 104 936 1446 1380">
    <p class='ocr_par' dir='ltr' id='par_1_7' title="bbox 204 936 1320 1003">
     <span class='ocr_line' id='line_1_13' title="bbox 204 936 1320 1003; baseline -0.001 -17"><span class='ocrx_word' id='word_1_76' title='bbox 204 941 323 998; x_wconf 90' lang='lat' dir='ltr'><strong>Quia</strong></span> <span class='ocrx_word' id='word_1_77' title='bbox 344 955 400 986; x_wconf 87' lang='lat' dir='ltr'>ne</span> <span class='ocrx_word' id='word_1_78' title='bbox 418 939 598 986; x_wconf 66' lang='lat' dir='ltr'>⁴alteram</span> <span class='ocrx_word' id='word_1_79' title='bbox 619 939 797 1003; x_wconf 80' lang='lat' dir='ltr'>quidem</span> <span class='ocrx_word' id='word_1_80' title='bbox 817 936 936 984; x_wconf 84' lang='lat' dir='ltr'>illam</span> <span class='ocrx_word' id='word_1_81' title='bbox 954 948 1114 1003; x_wconf 86' lang='lat' dir='ltr'>potero</span> <span class='ocrx_word' id='word_1_82' title='bbox 1136 939 1320 986; x_wconf 77' lang='lat' dir='ltr'>ducere:</span> 
     </span>
    </p>

    <p class='ocr_par' dir='ltr' id='par_1_8' title="bbox 104 1015 1446 1158">
     <span class='ocr_line' id='line_1_14' title="bbox 203 1015 1444 1080; baseline -0.002 -16"><span class='ocrx_word' id='word_1_83' title='bbox 203 1021 326 1064; x_wconf 87' lang='lat' dir='ltr'>Nam</span> <span class='ocrx_word' id='word_1_84' title='bbox 348 1031 437 1080; x_wconf 88' lang='lat' dir='ltr'>quo</span> <span class='ocrx_word' id='word_1_85' title='bbox 460 1015 614 1063; x_wconf 79' lang='lat' dir='ltr'>redibo</span> <span class='ocrx_word' id='word_1_86' title='bbox 635 1033 712 1062; x_wconf 85' lang='lat' dir='ltr'>ore</span> <span class='ocrx_word' id='word_1_87' title='bbox 736 1015 788 1061; x_wconf 88' lang='lat' dir='ltr'>ad</span> <span class='ocrx_word' id='word_1_88' title='bbox 813 1031 921 1066; x_wconf 84' lang='lat' dir='ltr'>eam,</span> <span class='ocrx_word' id='word_1_89' title='bbox 954 1031 1088 1077; x_wconf 85' lang='lat' dir='ltr'>quam</span> <span class='ocrx_word' id='word_1_90' title='bbox 1107 1016 1444 1062; x_wconf 82' lang='lat' dir='ltr'>contemserim?</span> 
     </span>
     <span class='ocr_line' id='line_1_15' title="bbox 104 1088 1446 1158; baseline 0 -20"><span class='ocrx_word' id='word_1_91' title='bbox 104 1108 130 1146; x_wconf 78' lang='lat'>2</span> <span class='ocrx_word' id='word_1_92' title='bbox 143 1111 167 1158; x_wconf 83' lang='grc' dir='ltr'><strong><em>ς</em></strong></span> <span class='ocrx_word' id='word_1_93' title='bbox 203 1088 300 1138; x_wconf 80' lang='lat' dir='ltr'>CH.</span> <span class='ocrx_word' id='word_1_94' title='bbox 325 1095 449 1137; x_wconf 85' lang='lat' dir='ltr'>Tum</span> <span class='ocrx_word' id='word_1_95' title='bbox 464 1101 609 1138; x_wconf 83' lang='lat' dir='ltr'>autern</span> <span class='ocrx_word' id='word_1_96' title='bbox 621 1092 926 1157; x_wconf 82' lang='lat' dir='ltr'>Antiphonem</span> <span class='ocrx_word' id='word_1_97' title='bbox 940 1089 1066 1137; x_wconf 81' lang='lat' dir='ltr'>video</span> <span class='ocrx_word' id='word_1_98' title='bbox 1081 1090 1132 1138; x_wconf 86' lang='lat' dir='ltr'>ab</span> <span class='ocrx_word' id='word_1_99' title='bbox 1154 1091 1234 1138; x_wconf 85' lang='lat' dir='ltr'>sese</span> <span class='ocrx_word' id='word_1_100' title='bbox 1247 1094 1446 1139; x_wconf 84' lang='lat' dir='ltr'>amittere</span> 
     </span>
    </p>

    <p class='ocr_par' dir='ltr' id='par_1_9' title="bbox 203 1164 1443 1230">
     <span class='ocr_line' id='line_1_16' title="bbox 203 1164 1443 1230; baseline 0.002 -16"><span class='ocrx_word' id='word_1_101' title='bbox 203 1170 402 1215; x_wconf 85' lang='lat' dir='ltr'>Inuitum</span> <span class='ocrx_word' id='word_1_102' title='bbox 425 1183 542 1213; x_wconf 80' lang='lat' dir='ltr'>earn:</span> <span class='ocrx_word' id='word_1_103' title='bbox 575 1169 724 1230; x_wconf 83' lang='lat' dir='ltr'>inque.</span> <span class='ocrx_word' id='word_1_104' title='bbox 755 1164 801 1212; x_wconf 92' lang='lat' dir='ltr'>D</span> <span class='ocrx_word' id='word_1_105' title='bbox 816 1179 858 1211; x_wconf 85' lang='lat' dir='ltr'>E.</span> <span class='ocrx_word' id='word_1_106' title='bbox 890 1176 985 1211; x_wconf 87' lang='lat' dir='ltr'>tum</span> <span class='ocrx_word' id='word_1_107' title='bbox 1006 1167 1289 1214; x_wconf 84' lang='lat' dir='ltr'>autemvideo</span> <span class='ocrx_word' id='word_1_108' title='bbox 1303 1165 1443 1216; x_wconf 86' lang='lat' dir='ltr'>filium</span> 
     </span>
    </p>

    <p class='ocr_par' dir='ltr' id='par_1_10' title="bbox 205 1241 1154 1290">
     <span class='ocr_line' id='line_1_17' title="bbox 205 1241 1154 1290; baseline -0.002 0"><span class='ocrx_word' id='word_1_109' title='bbox 205 1245 405 1290; x_wconf 88' lang='lat' dir='ltr'>Inuitum</span> <span class='ocrx_word' id='word_1_110' title='bbox 429 1243 525 1288; x_wconf 86' lang='lat' dir='ltr'>sane</span> <span class='ocrx_word' id='word_1_111' title='bbox 549 1245 779 1289; x_wconf 84' lang='lat' dir='ltr'>mulierem</span> <span class='ocrx_word' id='word_1_112' title='bbox 802 1241 854 1289; x_wconf 83' lang='lat' dir='ltr'>ab</span> <span class='ocrx_word' id='word_1_113' title='bbox 877 1241 916 1286; x_wconf 90' lang='lat' dir='ltr'>se</span> <span class='ocrx_word' id='word_1_114' title='bbox 941 1243 1154 1288; x_wconf 82' lang='lat' dir='ltr'>amittere.</span> 
     </span>
    </p>

    <p class='ocr_par' dir='ltr' id='par_1_11' title="bbox 206 1315 1255 1380">
     <span class='ocr_line' id='line_1_18' title="bbox 206 1315 1255 1380; baseline -0.003 -13"><span class='ocrx_word' id='word_1_115' title='bbox 206 1318 293 1367; x_wconf 85' lang='lat' dir='ltr'>Sed</span> <span class='ocrx_word' id='word_1_116' title='bbox 313 1315 439 1365; x_wconf 81' lang='lat' dir='ltr'>transs</span> <span class='ocrx_word' id='word_1_117' title='bbox 462 1317 581 1365; x_wconf 87' lang='lat' dir='ltr'>sodes</span> <span class='ocrx_word' id='word_1_118' title='bbox 604 1318 657 1365; x_wconf 88' lang='lat' dir='ltr'>ad</span> <span class='ocrx_word' id='word_1_119' title='bbox 682 1319 844 1373; x_wconf 86' lang='lat' dir='ltr'>forum,</span> <span class='ocrx_word' id='word_1_120' title='bbox 867 1326 995 1380; x_wconf 86' lang='lat' dir='ltr'>atque</span> <span class='ocrx_word' id='word_1_121' title='bbox 1014 1317 1123 1364; x_wconf 86' lang='lat' dir='ltr'>illud</span> <span class='ocrx_word' id='word_1_122' title='bbox 1143 1318 1255 1365; x_wconf 83' lang='lat' dir='ltr'>mihi</span> 
     </span>
    </p>
   </div>
   <div class='ocr_carea' id='block_1_6' title="bbox 74 1539 739 2043">
    <p class='ocr_par' dir='ltr' id='par_1_12' title="bbox 74 1539 737 1818">
     <span class='ocr_line' id='line_1_19' title="bbox 134 1539 736 1598; baseline -0.002 -20"><span class='ocrx_word' id='word_1_123' title='bbox 134 1546 184 1591; x_wconf 81' lang='lat'>18</span> <span class='ocrx_word' id='word_1_124' title='bbox 223 1541 309 1598; x_wconf 62' lang='lat' dir='ltr'>Qui</span> <span class='ocrx_word' id='word_1_125' title='bbox 340 1541 415 1580; x_wconf 73' lang='lat' dir='ltr'>erit</span> <span class='ocrx_word' id='word_1_126' title='bbox 449 1539 597 1594; x_wconf 86' lang='lat' dir='ltr'><em>rumor]</em></span> <span class='ocrx_word' id='word_1_127' title='bbox 638 1542 736 1583; x_wconf 76' lang='lat' dir='ltr'>Cau-</span> 
     </span>
     <span class='ocr_line' id='line_1_20' title="bbox 74 1591 736 1648; baseline -0.006 -9"><span class='ocrx_word' id='word_1_128' title='bbox 74 1591 154 1639; x_wconf 73' lang='lat' dir='ltr'>sam</span> <span class='ocrx_word' id='word_1_129' title='bbox 182 1599 311 1636; x_wconf 85' lang='lat' dir='ltr'>reddit</span> <span class='ocrx_word' id='word_1_130' title='bbox 335 1593 453 1636; x_wconf 84' lang='lat' dir='ltr'>senex</span> <span class='ocrx_word' id='word_1_131' title='bbox 482 1610 547 1635; x_wconf 81' lang='lat' dir='ltr'>cur</span> <span class='ocrx_word' id='word_1_132' title='bbox 565 1609 646 1635; x_wconf 87' lang='lat' dir='ltr'>non</span> <span class='ocrx_word' id='word_1_133' title='bbox 671 1610 736 1648; x_wconf 79' lang='lat' dir='ltr'>pa-</span> 
     </span>
     <span class='ocr_line' id='line_1_21' title="bbox 76 1651 734 1705; baseline -0.006 -11"><span class='ocrx_word' id='word_1_134' title='bbox 76 1655 137 1694; x_wconf 63' lang='lat' dir='ltr'>&amp;a</span> <span class='ocrx_word' id='word_1_135' title='bbox 156 1651 296 1702; x_wconf 84' lang='lat' dir='ltr'>seruet,</span> <span class='ocrx_word' id='word_1_136' title='bbox 325 1653 430 1705; x_wconf 85' lang='lat' dir='ltr'>quod</span> <span class='ocrx_word' id='word_1_137' title='bbox 450 1653 614 1691; x_wconf 84' lang='lat' dir='ltr'>rumoris</span> <span class='ocrx_word' id='word_1_138' title='bbox 636 1651 734 1691; x_wconf 88' lang='lat' dir='ltr'>infa-</span> 
     </span>
     <span class='ocr_line' id='line_1_22' title="bbox 77 1709 737 1761; baseline -0.005 -11"><span class='ocrx_word' id='word_1_139' title='bbox 77 1711 195 1750; x_wconf 86' lang='lat' dir='ltr'>miam</span> <span class='ocrx_word' id='word_1_140' title='bbox 214 1720 405 1757; x_wconf 85' lang='lat' dir='ltr'>metuens,</span> <span class='ocrx_word' id='word_1_141' title='bbox 425 1709 600 1761; x_wconf 81' lang='lat' dir='ltr'>puellam</span> <span class='ocrx_word' id='word_1_142' title='bbox 612 1709 737 1748; x_wconf 77' lang='lat' dir='ltr'>dedo-</span> 
     </span>
     <span class='ocr_line' id='line_1_23' title="bbox 77 1765 735 1818; baseline -0.003 -13"><span class='ocrx_word' id='word_1_143' title='bbox 77 1775 146 1806; x_wconf 83' lang='lat' dir='ltr'>mo</span> <span class='ocrx_word' id='word_1_144' title='bbox 169 1766 422 1818; x_wconf 84' lang='lat' dir='ltr'>noluit(nolit</span> <span class='ocrx_word' id='word_1_145' title='bbox 437 1767 494 1816; x_wconf 87' lang='lat' dir='ltr'>Z.)</span> <span class='ocrx_word' id='word_1_146' title='bbox 511 1765 667 1804; x_wconf 84' lang='lat' dir='ltr'>eiicere.</span> <span class='ocrx_word' id='word_1_147' title='bbox 693 1768 735 1805; x_wconf 91' lang='lat' dir='ltr'>E.</span> 
     </span>
    </p>

    <p class='ocr_par' dir='ltr' id='par_1_13' title="bbox 78 1822 739 2043">
     <span class='ocr_line' id='line_1_24' title="bbox 139 1822 738 1875; baseline -0.002 -14"><span class='ocrx_word' id='word_1_148' title='bbox 139 1822 276 1875; x_wconf 76' lang='lat' dir='ltr'><em>Inquit</em></span> <span class='ocrx_word' id='word_1_149' title='bbox 319 1822 572 1874; x_wconf 85' lang='lat' dir='ltr'>posteriorem</span> <span class='ocrx_word' id='word_1_150' title='bbox 615 1822 738 1867; x_wconf 85' lang='lat' dir='ltr'>acuit3</span> 
     </span>
     <span class='ocr_line' id='line_1_25' title="bbox 78 1877 739 1930; baseline -0.002 -14"><span class='ocrx_word' id='word_1_151' title='bbox 78 1879 171 1930; x_wconf 79' lang='lat' dir='ltr'>quia</span> <span class='ocrx_word' id='word_1_152' title='bbox 192 1879 382 1928; x_wconf 79' lang='lat' dir='ltr'>praeteriti</span> <span class='ocrx_word' id='word_1_153' title='bbox 403 1878 588 1929; x_wconf 84' lang='lat' dir='ltr'>temporis</span> <span class='ocrx_word' id='word_1_154' title='bbox 605 1877 679 1915; x_wconf 87' lang='lat' dir='ltr'>est:</span> <span class='ocrx_word' id='word_1_155' title='bbox 701 1887 739 1916; x_wconf 82' lang='lat' dir='ltr'>vt</span> 
     </span>
     <span class='ocr_line' id='line_1_26' title="bbox 81 1932 738 1988; baseline -0.005 -13"><span class='ocrx_word' id='word_1_156' title='bbox 81 1936 223 1975; x_wconf 87' lang='lat' dir='ltr'>Cicero</span> <span class='ocrx_word' id='word_1_157' title='bbox 244 1933 413 1988; x_wconf 74' lang='lat' dir='ltr'>Inqutsti,</span> <span class='ocrx_word' id='word_1_158' title='bbox 446 1932 547 1976; x_wconf 86' lang='lat' dir='ltr'>Vide</span> <span class='ocrx_word' id='word_1_159' title='bbox 560 1932 738 1973; x_wconf 85' lang='lat' dir='ltr'>Priscian.</span> 
     </span>
     <span class='ocr_line' id='line_1_27' title="bbox 81 1992 347 2043; baseline -0.015 -10"><span class='ocrx_word' id='word_1_160' title='bbox 81 2004 124 2043; x_wconf 83' lang='lat' dir='ltr'>p.</span> <span class='ocrx_word' id='word_1_161' title='bbox 154 1992 245 2041; x_wconf 85' lang='lat'><strong>876.</strong></span> <span class='ocrx_word' id='word_1_162' title='bbox 303 1992 347 2029; x_wconf 84' lang='lat' dir='ltr'>B.</span> 
     </span>
    </p>
   </div>
   <div class='ocr_carea' id='block_1_7' title="bbox 1268 1396 1447 1456">
    <p class='ocr_par' dir='ltr' id='par_1_14' title="bbox 1268 1396 1447 1456">
     <span class='ocr_line' id='line_1_28' title="bbox 1268 1396 1447 1456; baseline 0.011 -15"><span class='ocrx_word' id='word_1_163' title='bbox 1268 1396 1447 1456; x_wconf 52' lang='lat' dir='ltr'>Argeas·</span> 
     </span>
    </p>
   </div>
   <div class='ocr_carea' id='block_1_8' title="bbox 783 1536 1454 2040">
    <p class='ocr_par' dir='ltr' id='par_1_15' title="bbox 783 1536 1449 1692">
     <span class='ocr_line' id='line_1_29' title="bbox 783 1536 1446 1593; baseline -0.003 -13"><span class='ocrx_word' id='word_1_164' title='bbox 783 1547 838 1580; x_wconf 84' lang='lat' dir='ltr'>&#39;me</span> <span class='ocrx_word' id='word_1_165' title='bbox 875 1536 1124 1593; x_wconf 69' lang='lat' dir='ltr'>incufli&#39;ueras]</span> <span class='ocrx_word' id='word_1_166' title='bbox 1169 1539 1298 1579; x_wconf 85' lang='lat' dir='ltr'>Belle:</span> <span class='ocrx_word' id='word_1_167' title='bbox 1343 1549 1381 1577; x_wconf 85' lang='lat' dir='ltr'>vt</span> <span class='ocrx_word' id='word_1_168' title='bbox 1417 1537 1446 1578; x_wconf 80' lang='lat' dir='ltr'>fi</span> 
     </span>
     <span class='ocr_line' id='line_1_30' title="bbox 785 1592 1449 1648; baseline 0.002 -14"><span class='ocrx_word' id='word_1_169' title='bbox 785 1595 877 1647; x_wconf 88' lang='lat' dir='ltr'>quid</span> <span class='ocrx_word' id='word_1_170' title='bbox 892 1607 1022 1648; x_wconf 82' lang='lat' dir='ltr'>neget,</span> <span class='ocrx_word' id='word_1_171' title='bbox 1044 1607 1175 1635; x_wconf 83' lang='lat' dir='ltr'>contra</span> <span class='ocrx_word' id='word_1_172' title='bbox 1188 1593 1350 1647; x_wconf 84' lang='lat' dir='ltr'>seipsum</span> <span class='ocrx_word' id='word_1_173' title='bbox 1364 1592 1449 1635; x_wconf 76' lang='lat' dir='ltr'>seu·</span> 
     </span>
     <span class='ocr_line' id='line_1_31' title="bbox 784 1652 1166 1692; baseline -0.003 -2"><span class='ocrx_word' id='word_1_174' title='bbox 784 1654 858 1691; x_wconf 81' lang='lat' dir='ltr'>tire</span> <span class='ocrx_word' id='word_1_175' title='bbox 877 1652 1064 1692; x_wconf 88' lang='lat' dir='ltr'>videatur.</span> <span class='ocrx_word' id='word_1_176' title='bbox 1117 1654 1166 1691; x_wconf 92' lang='lat' dir='ltr'>D.</span> 
     </span>
    </p>

    <p class='ocr_par' dir='ltr' id='par_1_16' title="bbox 786 1707 1452 1873">
     <span class='ocr_line' id='line_1_32' title="bbox 837 1707 1449 1760; baseline -0.005 -11"><span class='ocrx_word' id='word_1_177' title='bbox 837 1719 890 1749; x_wconf 84' lang='lat'>22</span> <span class='ocrx_word' id='word_1_178' title='bbox 928 1707 1048 1746; x_wconf 79' lang='lat' dir='ltr'>Satin’</span> <span class='ocrx_word' id='word_1_179' title='bbox 1084 1707 1247 1760; x_wconf 77' lang='lat' dir='ltr'>fitperbe</span> <span class='ocrx_word' id='word_1_180' title='bbox 1287 1707 1449 1746; x_wconf 72' lang='lat' dir='ltr'>illuditis</span> 
     </span>
     <span class='ocr_line' id='line_1_33' title="bbox 786 1762 1452 1817; baseline 0.005 -15"><span class='ocrx_word' id='word_1_181' title='bbox 786 1765 860 1817; x_wconf 62' lang='lat' dir='ltr'>me]</span> <span class='ocrx_word' id='word_1_182' title='bbox 890 1767 939 1805; x_wconf 89' lang='lat' dir='ltr'>Et</span> <span class='ocrx_word' id='word_1_183' title='bbox 960 1765 1127 1803; x_wconf 82' lang='lat' dir='ltr'>datiuum</span> <span class='ocrx_word' id='word_1_184' title='bbox 1142 1762 1452 1805; x_wconf 72' lang='lat' dir='ltr'>etaccusatiuum</span> 
     </span>
     <span class='ocr_line' id='line_1_34' title="bbox 789 1818 1290 1873; baseline -0.002 -15"><span class='ocrx_word' id='word_1_185' title='bbox 789 1819 922 1859; x_wconf 52' lang='lat' dir='ltr'>casum*</span> <span class='ocrx_word' id='word_1_186' title='bbox 935 1821 1038 1873; x_wconf 81' lang='lat' dir='ltr'>regit</span> <span class='ocrx_word' id='word_1_187' title='bbox 1057 1818 1187 1858; x_wconf 77' lang='lat' dir='ltr'>llludo.</span> <span class='ocrx_word' id='word_1_188' title='bbox 1243 1819 1290 1860; x_wconf 91' lang='lat' dir='ltr'>D.</span> 
     </span>
    </p>

    <p class='ocr_par' dir='ltr' id='par_1_17' title="bbox 788 1874 1454 2040">
     <span class='ocr_line' id='line_1_35' title="bbox 845 1874 1451 1927; baseline 0 -12"><span class='ocrx_word' id='word_1_189' title='bbox 845 1875 978 1927; x_wconf 85' lang='lat' dir='ltr'>Aliqui</span> <span class='ocrx_word' id='word_1_190' title='bbox 1004 1874 1091 1914; x_wconf 83' lang='lat' dir='ltr'>libri</span> <span class='ocrx_word' id='word_1_191' title='bbox 1122 1876 1283 1922; x_wconf 84' lang='lat' dir='ltr'>Faerni,</span> <span class='ocrx_word' id='word_1_192' title='bbox 1317 1877 1358 1914; x_wconf 85' lang='lat' dir='ltr'>in</span> <span class='ocrx_word' id='word_1_193' title='bbox 1389 1874 1451 1915; x_wconf 68' lang='lat' dir='ltr'>his</span> 
     </span>
     <span class='ocr_line' id='line_1_36' title="bbox 788 1931 1451 1978; baseline -0.002 -7"><span class='ocrx_word' id='word_1_194' title='bbox 788 1932 1024 1978; x_wconf 82' lang='lat' dir='ltr'>Bembinus,</span> <span class='ocrx_word' id='word_1_195' title='bbox 1055 1933 1096 1972; x_wconf 90' lang='lat' dir='ltr'>it.</span> <span class='ocrx_word' id='word_1_196' title='bbox 1124 1933 1221 1970; x_wconf 81' lang='lat' dir='ltr'>alter</span> <span class='ocrx_word' id='word_1_197' title='bbox 1241 1944 1290 1970; x_wconf 80' lang='lat' dir='ltr'>ex</span> <span class='ocrx_word' id='word_1_198' title='bbox 1312 1931 1451 1971; x_wconf 76' lang='lat' dir='ltr'>nostris</span> 
     </span>
     <span class='ocr_line' id='line_1_37' title="bbox 789 1987 1454 2040; baseline -0.005 -12"><span class='ocrx_word' id='word_1_199' title='bbox 789 1988 1013 2028; x_wconf 75' lang='lat' dir='ltr'>Meadi&#39;anis</span> <span class='ocrx_word' id='word_1_200' title='bbox 1026 1988 1163 2040; x_wconf 72' lang='lat' dir='ltr'>legunt</span> <span class='ocrx_word' id='word_1_201' title='bbox 1173 1987 1273 2027; x_wconf 66' lang='lat' dir='ltr'>Saxis</span> <span class='ocrx_word' id='word_1_202' title='bbox 1284 1988 1454 2026; x_wconf 66' lang='lat' dir='ltr'>aiiii-ma-</span> 
     </span>
    </p>
   </div>
   <div class='ocr_carea' id='block_1_9' title="bbox 82 2040 1455 2153">
    <p class='ocr_par' dir='ltr' id='par_1_18' title="bbox 82 2040 1455 2153">
     <span class='ocr_line' id='line_1_38' title="bbox 141 2040 1455 2096; baseline -0.005 -10"><span class='ocrx_word' id='word_1_203' title='bbox 141 2058 196 2087; x_wconf 84' lang='lat'>20</span> <span class='ocrx_word' id='word_1_204' title='bbox 232 2045 445 2085; x_wconf 85' lang='lat' dir='ltr'>Bembinus</span> <span class='ocrx_word' id='word_1_205' title='bbox 485 2042 587 2084; x_wconf 82' lang='lat' dir='ltr'>solus</span> <span class='ocrx_word' id='word_1_206' title='bbox 619 2043 741 2083; x_wconf 81' lang='lat' dir='ltr'>habet</span> <span class='ocrx_word' id='word_1_207' title='bbox 792 2045 884 2082; x_wconf 77' lang='lat' dir='ltr'>tiuc.</span> <span class='ocrx_word' id='word_1_208' title='bbox 941 2045 1035 2096; x_wconf 76' lang='lat' dir='ltr'>Legi</span> <span class='ocrx_word' id='word_1_209' title='bbox 1070 2043 1212 2091; x_wconf 73' lang='lat' dir='ltr'>debet,</span> <span class='ocrx_word' id='word_1_210' title='bbox 1258 2044 1357 2082; x_wconf 76' lang='lat' dir='ltr'>Satis</span> <span class='ocrx_word' id='word_1_211' title='bbox 1384 2040 1455 2095; x_wconf 83' lang='lat' dir='ltr'>pol</span> 
     </span>
     <span class='ocr_line' id='line_1_39' title="bbox 82 2097 1454 2153; baseline -0.003 -12"><span class='ocrx_word' id='word_1_212' title='bbox 82 2100 182 2141; x_wconf 79' lang='lat' dir='ltr'>Eam</span> <span class='ocrx_word' id='word_1_213' title='bbox 199 2114 292 2139; x_wconf 85' lang='lat' dir='ltr'><em>nunc</em></span> <span class='ocrx_word' id='word_1_214' title='bbox 311 2099 613 2153; x_wconf 73' lang='lat' dir='ltr'>extruditurpest,</span> <span class='ocrx_word' id='word_1_215' title='bbox 636 2097 744 2138; x_wconf 83' lang='lat' dir='ltr'>0mis-</span> <span class='ocrx_word' id='word_1_216' title='bbox 782 2098 964 2152; x_wconf 73' lang='lat' dir='ltr'>steperbe:</span> <span class='ocrx_word' id='word_1_217' title='bbox 991 2112 1027 2137; x_wconf 76' lang='lat' dir='ltr'>vt</span> <span class='ocrx_word' id='word_1_218' title='bbox 1047 2102 1189 2138; x_wconf 70' lang='lat' dir='ltr'>fleant.</span> <span class='ocrx_word' id='word_1_219' title='bbox 1207 2111 1313 2152; x_wconf 84' lang='lat' dir='ltr'>1v,4,</span> <span class='ocrx_word' id='word_1_220' title='bbox 1328 2111 1362 2141; x_wconf 89' lang='lat'>1.</span> <span class='ocrx_word' id='word_1_221' title='bbox 1384 2098 1454 2137; x_wconf 87' lang='lat' dir='ltr'>Sa-</span> 
     </span>
    </p>
   </div>
   <div class='ocr_carea' id='block_1_10' title="bbox 85 2156 748 2602">
    <p class='ocr_par' dir='ltr' id='par_1_19' title="bbox 85 2156 747 2377">
     <span class='ocr_line' id='line_1_40' title="bbox 85 2156 743 2206; baseline -0.006 -9"><span class='ocrx_word' id='word_1_222' title='bbox 85 2156 127 2198; x_wconf 86' lang='lat' dir='ltr'>so</span> <span class='ocrx_word' id='word_1_223' title='bbox 155 2159 318 2196; x_wconf 78' lang='lat' dir='ltr'>nomine</span> <span class='ocrx_word' id='word_1_224' title='bbox 346 2158 485 2204; x_wconf 77' lang='lat' dir='ltr'>Vidua,</span> <span class='ocrx_word' id='word_1_225' title='bbox 521 2156 628 2206; x_wconf 85' lang='lat' dir='ltr'>quod</span> <span class='ocrx_word' id='word_1_226' title='bbox 647 2156 743 2195; x_wconf 81' lang='lat' dir='ltr'>Cor-</span> 
     </span>
     <span class='ocr_line' id='line_1_41' title="bbox 86 2211 744 2263; baseline -0.008 -10"><span class='ocrx_word' id='word_1_227' title='bbox 86 2213 213 2254; x_wconf 65' lang='lat' dir='ltr'>ressor</span> <span class='ocrx_word' id='word_1_228' title='bbox 233 2211 408 2252; x_wconf 88' lang='lat' dir='ltr'>Bembini</span> <span class='ocrx_word' id='word_1_229' title='bbox 429 2211 531 2250; x_wconf 83' lang='lat' dir='ltr'>forre</span> <span class='ocrx_word' id='word_1_230' title='bbox 551 2212 744 2263; x_wconf 79' lang='lat' dir='ltr'>ignorauit</span> 
     </span>
     <span class='ocr_line' id='line_1_42' title="bbox 86 2267 747 2317; baseline -0.005 -9"><span class='ocrx_word' id='word_1_231' title='bbox 86 2270 165 2309; x_wconf 86' lang='lat' dir='ltr'>dici</span> <span class='ocrx_word' id='word_1_232' title='bbox 194 2270 235 2307; x_wconf 84' lang='lat' dir='ltr'>in</span> <span class='ocrx_word' id='word_1_233' title='bbox 264 2269 449 2315; x_wconf 67' lang='lat' dir='ltr'>muliere,</span> <span class='ocrx_word' id='word_1_234' title='bbox 479 2281 501 2305; x_wconf 81' lang='lat' dir='ltr'>a</span> <span class='ocrx_word' id='word_1_235' title='bbox 527 2268 607 2306; x_wconf 72' lang='lat' dir='ltr'>viro</span> <span class='ocrx_word' id='word_1_236' title='bbox 629 2267 747 2317; x_wconf 80' lang='lat' dir='ltr'>priori</span> 
     </span>
     <span class='ocr_line' id='line_1_43' title="bbox 89 2326 405 2377; baseline -0.006 -11"><span class='ocrx_word' id='word_1_237' title='bbox 89 2326 307 2377; x_wconf 79' lang='lat' dir='ltr'>repudiata.</span> <span class='ocrx_word' id='word_1_238' title='bbox 365 2328 405 2364; x_wconf 89' lang='grc' dir='ltr'>Β.</span> 
     </span>
    </p>

    <p class='ocr_par' dir='ltr' id='par_1_20' title="bbox 89 2379 748 2602">
     <span class='ocr_line' id='line_1_44' title="bbox 148 2379 748 2434; baseline -0.002 -16"><span class='ocrx_word' id='word_1_239' title='bbox 148 2394 197 2423; x_wconf 85' lang='lat'>21</span> <span class='ocrx_word' id='word_1_240' title='bbox 231 2380 337 2434; x_wconf 59' lang='lat' dir='ltr'>Quae</span> <span class='ocrx_word' id='word_1_241' title='bbox 359 2393 438 2420; x_wconf 80' lang='lat' dir='ltr'>tute</span> <span class='ocrx_word' id='word_1_242' title='bbox 463 2379 598 2419; x_wconf 75' lang='lat' dir='ltr'><em>dudum</em></span> <span class='ocrx_word' id='word_1_243' title='bbox 626 2392 748 2418; x_wconf 80' lang='lat' dir='ltr'>coram</span> 
     </span>
     <span class='ocr_line' id='line_1_45' title="bbox 89 2436 747 2489; baseline -0.008 -12"><span class='ocrx_word' id='word_1_244' title='bbox 89 2447 146 2477; x_wconf 82' lang='lat' dir='ltr'>me</span> <span class='ocrx_word' id='word_1_245' title='bbox 173 2436 422 2489; x_wconf 77' lang='lat' dir='ltr'>incusiiueras]</span> <span class='ocrx_word' id='word_1_246' title='bbox 460 2437 574 2475; x_wconf 87' lang='lat' dir='ltr'>Noua</span> <span class='ocrx_word' id='word_1_247' title='bbox 602 2437 747 2475; x_wconf 83' lang='lat' dir='ltr'>locutio</span> 
     </span>
     <span class='ocr_line' id='line_1_46' title="bbox 92 2492 743 2543; baseline -0.006 -10"><span class='ocrx_word' id='word_1_248' title='bbox 92 2494 230 2543; x_wconf 80' lang='lat' dir='ltr'><em>Coram</em></span> <span class='ocrx_word' id='word_1_249' title='bbox 267 2506 322 2531; x_wconf 86' lang='lat' dir='ltr'>me</span> <span class='ocrx_word' id='word_1_250' title='bbox 353 2492 601 2541; x_wconf 66' lang='lat' dir='ltr'>incusszuerasz</span> <span class='ocrx_word' id='word_1_251' title='bbox 648 2503 743 2540; x_wconf 84' lang='lat' dir='ltr'>non,</span> 
     </span>
     <span class='ocr_line' id='line_1_47' title="bbox 91 2547 748 2602; baseline 0 -14"><span class='ocrx_word' id='word_1_252' title='bbox 91 2548 202 2602; x_wconf 68' lang='lat' dir='ltr'>&#39;Quae</span> <span class='ocrx_word' id='word_1_253' title='bbox 221 2550 282 2590; x_wconf 81' lang='lat' dir='ltr'><em>ln&#39;c</em></span> <span class='ocrx_word' id='word_1_254' title='bbox 308 2550 554 2600; x_wconf 66' lang='lat' dir='ltr'>incufflucras.</span> <span class='ocrx_word' id='word_1_255' title='bbox 611 2547 748 2589; x_wconf 74' lang='lat' dir='ltr'><strong><em>Coram</em></strong></span> 
     </span>
    </p>
   </div>
   <div class='ocr_carea' id='block_1_11' title="bbox 793 2156 1455 2598">
    <p class='ocr_par' dir='ltr' id='par_1_21' title="bbox 793 2156 1215 2207">
     <span class='ocr_line' id='line_1_48' title="bbox 793 2156 1215 2207; baseline -0.005 -14"><span class='ocrx_word' id='word_1_256' title='bbox 793 2160 841 2194; x_wconf 72' lang='lat' dir='ltr'>tis</span> <span class='ocrx_word' id='word_1_257' title='bbox 855 2157 924 2206; x_wconf 86' lang='lat' dir='ltr'>pol</span> <span class='ocrx_word' id='word_1_258' title='bbox 936 2165 1122 2207; x_wconf 78' lang='lat' dir='ltr'>proter-ue.</span> <span class='ocrx_word' id='word_1_259' title='bbox 1176 2156 1215 2192; x_wconf 90' lang='lat' dir='ltr'>B.</span> 
     </span>
    </p>

    <p class='ocr_par' dir='ltr' id='par_1_22' title="bbox 795 2206 1455 2598">
     <span class='ocr_line' id='line_1_49' title="bbox 848 2206 1455 2265; baseline 0 -16"><span class='ocrx_word' id='word_1_260' title='bbox 848 2214 909 2252; x_wconf 84' lang='lat'>26</span> <span class='ocrx_word' id='word_1_261' title='bbox 963 2210 1129 2249; x_wconf 79' lang='lat' dir='ltr'>Inuitum</span> <span class='ocrx_word' id='word_1_262' title='bbox 1172 2223 1248 2246; x_wconf 79' lang='lat' dir='ltr'>eam</span> <span class='ocrx_word' id='word_1_263' title='bbox 1265 2223 1281 2252; x_wconf 91' lang='lat'><em>;</em></span> <span class='ocrx_word' id='word_1_264' title='bbox 1326 2206 1455 2265; x_wconf 80' lang='lat' dir='ltr'>inque]</span> 
     </span>
     <span class='ocr_line' id='line_1_50' title="bbox 795 2264 1453 2316; baseline 0 -10"><span class='ocrx_word' id='word_1_265' title='bbox 795 2264 971 2306; x_wconf 56' lang='lat' dir='ltr'>Priscian.</span> <span class='ocrx_word' id='word_1_266' title='bbox 987 2265 1096 2303; x_wconf 79' lang='lat' dir='ltr'>lib.x.</span> <span class='ocrx_word' id='word_1_267' title='bbox 1119 2265 1194 2304; x_wconf 72' lang='lat' dir='ltr'>Sed</span> <span class='ocrx_word' id='word_1_268' title='bbox 1218 2264 1301 2316; x_wconf 83' lang='lat' dir='ltr'>post</span> <span class='ocrx_word' id='word_1_269' title='bbox 1317 2281 1393 2304; x_wconf 81' lang='lat' dir='ltr'>eam</span> <span class='ocrx_word' id='word_1_270' title='bbox 1412 2270 1453 2306; x_wconf 82' lang='lat' dir='ltr'>in</span> 
     </span>
     <span class='ocr_line' id='line_1_51' title="bbox 795 2320 1455 2362; baseline 0.005 -3"><span class='ocrx_word' id='word_1_271' title='bbox 795 2324 844 2360; x_wconf 88' lang='lat' dir='ltr'>V.</span> <span class='ocrx_word' id='word_1_272' title='bbox 870 2323 919 2362; x_wconf 91' lang='lat' dir='ltr'>C.</span> <span class='ocrx_word' id='word_1_273' title='bbox 953 2321 1108 2359; x_wconf 80' lang='lat' dir='ltr'>additur</span> <span class='ocrx_word' id='word_1_274' title='bbox 1132 2320 1296 2360; x_wconf 65' lang='lat' dir='ltr'>Sdmtes.</span> <span class='ocrx_word' id='word_1_275' title='bbox 1325 2321 1455 2362; x_wconf 78' lang='lat' dir='ltr'>sortas-</span> 
     </span>
     <span class='ocr_line' id='line_1_52' title="bbox 795 2375 1455 2429; baseline 0.006 -15"><span class='ocrx_word' id='word_1_276' title='bbox 795 2376 840 2414; x_wconf 79' lang='lat' dir='ltr'>{is</span> <span class='ocrx_word' id='word_1_277' title='bbox 876 2375 923 2414; x_wconf 74' lang='lat' dir='ltr'>ad</span> <span class='ocrx_word' id='word_1_278' title='bbox 950 2376 1242 2429; x_wconf 61' lang='lat' dir='ltr'>significandum</span> <span class='ocrx_word' id='word_1_279' title='bbox 1276 2375 1455 2418; x_wconf 72' lang='lat' dir='ltr'>submisse</span> 
     </span>
     <span class='ocr_line' id='line_1_53' title="bbox 797 2432 1454 2483; baseline 0.006 -13"><span class='ocrx_word' id='word_1_280' title='bbox 797 2432 894 2471; x_wconf 78' lang='lat' dir='ltr'>bac-c</span> <span class='ocrx_word' id='word_1_281' title='bbox 914 2432 1000 2470; x_wconf 78' lang='lat' dir='ltr'>dici.</span> <span class='ocrx_word' id='word_1_282' title='bbox 1060 2432 1103 2470; x_wconf 87' lang='lat' dir='ltr'>Id</span> <span class='ocrx_word' id='word_1_283' title='bbox 1123 2433 1225 2483; x_wconf 81' lang='lat' dir='ltr'>quod</span> <span class='ocrx_word' id='word_1_284' title='bbox 1245 2435 1454 2482; x_wconf 75' lang='lat' dir='ltr'>aPitlioec,</span> 
     </span>
     <span class='ocr_line' id='line_1_54' title="bbox 797 2487 1452 2539; baseline 0.008 -13"><span class='ocrx_word' id='word_1_285' title='bbox 797 2489 892 2530; x_wconf 85' lang='lat' dir='ltr'>Viro</span> <span class='ocrx_word' id='word_1_286' title='bbox 913 2487 1071 2534; x_wconf 79' lang='lat' dir='ltr'>summo,</span> <span class='ocrx_word' id='word_1_287' title='bbox 1101 2499 1219 2539; x_wconf 77' lang='lat' dir='ltr'>atque</span> <span class='ocrx_word' id='word_1_288' title='bbox 1239 2494 1364 2529; x_wconf 80' lang='lat' dir='ltr'>amico</span> <span class='ocrx_word' id='word_1_289' title='bbox 1387 2505 1452 2530; x_wconf 79' lang='lat' dir='ltr'>nu·</span> 
     </span>
     <span class='ocr_line' id='line_1_55' title="bbox 797 2545 1376 2598; baseline -0.002 -13"><span class='ocrx_word' id='word_1_290' title='bbox 797 2545 870 2585; x_wconf 68' lang='lat' dir='ltr'>ssso</span> <span class='ocrx_word' id='word_1_291' title='bbox 892 2555 1123 2584; x_wconf 76' lang='lat' dir='ltr'>annotatum</span> <span class='ocrx_word' id='word_1_292' title='bbox 1141 2547 1281 2598; x_wconf 75' lang='lat' dir='ltr'>reperi.</span> <span class='ocrx_word' id='word_1_293' title='bbox 1336 2551 1376 2589; x_wconf 75' lang='lat' dir='ltr'>L.</span> 
     </span>
    </p>
   </div>
  </div>
 </body>
</html>
