1875 3244
548 155 626 203 IN
660 155 1022 205 HECYRAM.

824 97 832 114 V

1366 171 1463 221 227

229 281 346 329 Alias
369 280 586 344 cognostis
612 286 729 342 eius3
768 285 923 350 quaeso
945 284 1058 333 hanc
1077 282 1257 336 noscite&

425 436 671 484 ALTER
727 437 1134 489 PROLOGVS.

92 499 194 610 O
209 582 237 611 R
263 582 288 610 A
309 584 341 612 τ
363 582 389 614 ο
409 583 438 613 R
482 566 536 615 ad
559 584 637 617 vos
659 568 789 617 venio
810 577 968 615 ornatu
988 566 1187 630 Prologi:

143 730 216 768 Pro
240 725 350 782 Poffit
373 728 486 783 leges
503 727 665 783 linguae
681 741 748 782 po·

89 779 229 822 stulant
252 785 380 836 Posset.
434 788 477 826 B.

147 847 170 888 8
200 839 303 880 Alias
321 839 497 896 cognostis
508 843 586 881 eius
595 854 611 886 ,-
639 853 746 896 quae·

80 892 130 948 fi>
151 908 247 934 nunc
269 896 364 938 hanc
383 896 538 952 nofiite]
569 899 672 939 Mire
690 898 744 937 illi

88 949 263 991 fauorem
294 956 389 1004 petit
421 964 471 993 ex
496 954 602 1005 aliis,
642 967 744 1005 quae

86 1005 285 1057 specffarori
324 1021 440 1049 notae
475 1007 570 1050 sunt.
631 1009 741 1066 Eius]

17 1089 22 1104 .
87 1065 232 1103 Poetae
269 1065 392 1116 (notae
417 1063 570 1117 eiusdem
609 1066 746 1106 Poetae

87 1119 319 1162 Edd.‘·ande
338 1126 379 1164 R.
401 1122 568 1176 steph).
623 1122 742 1174 Quasi

88 1173 188 1215 haec
206 1179 366 1217 omnino
377 1188 468 1218 nota
488 1178 739 1232 fit(QvA1=:so

86 1243 209 1272 NVNC
235 1246 366 1274 HANG
392 1247 597 1275 noscrrE.
628 1233 747 1289 Qofi'

88 1287 176 1327 haec
197 1293 343 1329 omnino
362 1292 543 1346 incognita
551 1292 619 1342 fit.
655 1292 739 1331 Vid.

86 1347 232 1386 Donat.
251 1345 298 1384 ad
318 1344 406 1386 vers.
420 1351 486 1399 L).
534 1349 590 1388 At
606 1348 649 1386 in
661 1351 742 1387 An·

87 1400 192 1447 dria,
222 1402 322 1453 quae
343 1403 519 1442 omnium
537 1406 656 1456 prima
673 1404 738 1452 est,

87 1457 200 1496 aliter
220 1459 282 1507 ait,
309 1459 357 1498 Vt
373 1459 641 1512 pernofiotiget
651 1459 743 1513 quid

73 1510 224 1566 speifi't
239 1512 448 1568 relliquum:
479 1515 634 1568 Posthac
653 1528 741 1568 quas

74 1571 202 1622 societ
211 1569 399 1625 deintegro
412 1571 635 1621 Comoedias,
655 1571 739 1624 Spe-

83 1626 238 1667 dandae
257 1640 305 1666 an
323 1628 524 1682 exigendae
537 1627 620 1679 fint
637 1626 741 1669 vobis

80 1684 196 1735 prius.
249 1684 298 1723 D.

138 1737 244 1778 Alias
275 1737 453 1794 cognostis
477 1741 574 1787 eius,
608 1739 737 1794 quaeso

86 1791 182 1833 banc
211 1794 439 1850 cognoscite]
470 1797 631 1848 Optime
662 1810 736 1836 am-

85 1851 249 1899 monuit,
276 1862 314 1890 vt
333 1851 383 1890 de
405 1853 620 1903 praeteritis
646 1855 741 1892 Poe-

86 1915 164 1945 tam
187 1906 320 1946 datum
348 1907 520 1957 doceret,
554 1921 631 1959 quo
651 1908 739 1948 faci-

86 1961 162 2000 lius
194 1959 318 2012 poffet
351 1960 447 2002 scire
473 1965 658 2017 populus,
700 1975 740 2004 et

86 2016 189 2056 hanc
206 2018 288 2056 eius
300 2019 552 2059 Comoediam
570 2018 676 2072 poffe
696 2021 735 2061 fi-

83 2072 228 2113 militer
252 2076 472 2127 comparari.
526 2079 568 2117 E.

146 2141 164 2171 1
200 2130 342 2170 Orator
358 2132 406 2170 ad
423 2145 490 2172 vos
507 2135 610 2173 venio
630 2146 731 2172 orna-

84 2198 126 2225 tu
141 2185 311 2241 Prologz]
330 2191 478 2242 Magna
489 2201 568 2229 arte
578 2189 638 2227 hie
650 2192 734 2227 Pro-

85 2243 198 2295 logus
220 2242 373 2294 scriptus
394 2244 457 2293 est,
477 2246 593 2284 nimis
613 2257 736 2283 orato-

83 2299 258 2337 rie.Nam
270 2299 408 2339 totiens
421 2297 573 2352 expulsa
583 2300 735 2348 Fabula,

81 2353 281 2406 quomodo
300 2353 461 2395 honeste
481 2358 651 2396 reuocari
670 2369 736 2408 po-

81 2411 158 2450 tuit
176 2413 215 2449 in
237 2409 490 2463 proscenium,
523 2413 590 2452 nifi
610 2414 734 2464 primo

82 2464 163 2518 ipsa
204 2467 449 2519 impudentia
491 2481 557 2519 pro
598 2469 736 2508 fiducia

83 2521 343 2575 proferretur?
372 2524 516 2564 deinde
542 2526 645 2565 attor
671 2538 736 2575 pe-

84 2579 276 2618 ritiffimus
293 2578 374 2631 ipse
395 2581 618 2630 Ambiuius,
651 2594 737 2633 pro-

84 2630 194 2679 baret
218 2649 258 2681 et
276 2638 444 2696 Poetam,
454 2647 506 2697 ,et
521 2637 738 2699 comoed&

1318 647 1457 695 Sinite

796 741 876 778 am,
907 730 1013 770 cuius
1032 729 1234 771 au&01·itas
1253 730 1383 772 elucet
1403 741 1455 773 ex

793 785 952 830 verbis?
980 797 1062 826 turn
1092 786 1237 827 deinde
1258 786 1455 828 subtiliter

794 854 898 885 nouo
917 844 1081 892 Poetae,
1111 857 1133 881 a
1156 843 1298 884 vetusto
1317 855 1356 883 et
1373 858 1455 885 ma-

794 911 898 952 gnae
925 899 1158 939 auom-itatis
1183 901 1356 940 Caecilio
1384 913 1455 952 pe-

795 964 938 995 teretur
958 955 1198 1007 exemplum‚
1231 967 1272 995 et
1300 967 1454 1009 petere-

793 1021 852 1050 tur
869 1011 1170 1064 ingeniofissime
1182 1015 1201 1058 ’,Ι
1225 1013 1324 1052 Nam
1343 1011 1456 1064 quod

793 1066 878 1106 rudi
897 1069 1088 1107 Terentio
1107 1070 1278 1122 contigit,
1299 1067 1455 1108 accidis-

790 1120 830 1163 se
849 1134 1089 1163 memoratur
1112 1128 1233 1164 veteri
1254 1125 1452 1167 Caecilio:

791 1179 898 1231 quod
937 1179 1028 1218 huic
1053 1177 1190 1228 semel,
1226 1181 1281 1219 illi
1315 1179 1452 1233 saepe:

790 1235 896 1286 quod
924 1234 1013 1275 huic
1040 1237 1081 1275 in
1111 1237 1194 1276 aliis
1225 1250 1446 1288 nunquam,

789 1291 861 1330 hoc
882 1293 938 1330 illi
956 1291 1040 1332 fere
1062 1294 1101 1331 in
1119 1292 1321 1335 omnibus:
1339 1293 1451 1344 quod

790 1346 887 1393 huic,
899 1357 1054 1399 praeter
1064 1351 1269 1401 Hecyram,
1282 1360 1319 1389 et
1329 1350 1451 1398 aerae,

790 1415 831 1443 et
850 1404 1034 1455 probatae
1055 1403 1139 1443 sunt
1165 1418 1358 1446 caeterae:
1390 1406 1450 1445 illi

790 1461 928 1512 partim
948 1460 1114 1510 exac‘}ae²
1137 1462 1274 1513 partim
1286 1462 1349 1500 vix
1360 1476 1449 1513 pro-

790 1516 915 1555 batae.
977 1513 1114 1568 Itaqu'e
1160 1516 1218 1556 his
1265 1518 1449 1557 omnibus

789 1573 1026 1625 argumentis
1045 1573 1083 1611 id
1103 1573 1228 1612 auum
1244 1573 1306 1620 est,
1327 1584 1367 1612 vt
1378 1586 1449 1613 ne-

789 1640 867 1680 que
885 1626 1168 1679 desperandum
1178 1628 1220 1668 fit
1237 1628 1287 1667 de
1295 1631 1451 1669 Teren-

789 1684 854 1733 tio,
874 1683 977 1735 quod
999 1682 1174 1736 expulsus
1185 1683 1237 1723 est
1258 1685 1353 1735 (alii,
1378 1700 1451 1725 ex-

785 1739 921 1794 plofizs.
953 1742 1077 1788 Forte,
1101 1740 1300 1792 excltfitsj:
1334 1753 1372 1780 vt
1388 1743 1449 1781 ni-

789 1797 1003 1835 hilominus
1029 1797 1083 1835 illi
1114 1807 1264 1836 tantum
1289 1797 1451 1837 attribu-

788 1853 935 1892 endum
958 1852 1009 1901 fit,
1030 1863 1070 1891 vt
1090 1863 1154 1892 aut
1172 1866 1239 1905 par
1252 1855 1443 1904 Caecilio,

787 1921 934 1962 magno
954 1921 1047 1947 tunc
1064 1911 1226 1956 Poetae,
1255 1920 1321 1948 aut
1345 1911 1446 1949 vltro

787 1966 927 2005 melior
955 1965 1070 2004 etiam
1092 1963 1170 2004 esse
1188 1966 1309 2016 poffit,
1368 1966 1447 2006 Hie

785 2031 915 2062 autem
935 2026 975 2062 L.
1000 2021 1206 2060 Ambiuius
1227 2020 1367 2069 histrio,
1386 2021 1448 2060 fu·

782 2078 812 2117 it
849 2077 950 2121 aetus·
975 2077 1287 2118 Comoedia-um.
1348 2078 1449 2118 Ora-

785 2147 847 2173 tor
865 2135 916 2172 ad
933 2146 996 2173 vos
1015 2134 1141 2187 venio]
1162 2135 1367 2173 Oratorem
1381 2148 1447 2173 au-

785 2189 870 2228 dire
896 2200 1088 2241 oportere,
1111 2191 1168 2228 ius
1180 2192 1352 2241 gentium
1367 2190 1447 2232 est:

785 2255 979 2284 oratorem
1017 2258 1097 2284 non
1135 2246 1224 2284 licet
1261 2246 1446 2287 iniuriam

785 2303 875 2351 pati.
933 2300 1025 2340 Ideo
1058 2314 1152 2353 ergo
1185 2314 1237 2339 ue
1273 2304 1446 2354 expella-

787 2366 868 2404 tur,
910 2369 992 2395 non
1032 2353 1071 2395 se
1106 2357 1332 2411 Prologum‚
1375 2356 1447 2399 sed

786 2414 991 2452 Oratorem
1031 2414 1219 2452 nominat.
1283 2415 1446 2454 Plautus

787 2470 923 2519 (I'oen.
944 2481 982 2515 1,
1013 2479 1060 2516 2,
1096 2470 1226 2521 171.),
1258 2470 1447 2523 Impiase-

786 2538 881 2564 eretz*
899 2538 1087 2564 oratorem
1107 2523 1285 2565 verberas.
1337 2529 1383 2566 D.

802 2590 810 2594 “
843 2581 987 2621 Orator
1016 2581 1065 2620 ad
1093 2594 1160 2619 vos
1178 2583 1285 2621 venio
1308 2594 1447 2623 ornam

787 2637 946 2692 Prologz·
973 2633 1088 2688 finite
1131 2651 1316 2697 exorator
1358 2639 1447 2693 {im}

895 2696 923 2742 P
954 2704 983 2749 Ξ
1124 2698 1125 2701 ’
1336 2697 1448 2743 Alius
