1827 3180
615 218 962 269 PHORMIO.

1331 242 1427 294 435

213 347 288 395 Eis
310 343 497 393 nubant:
531 355 574 392 et
595 345 689 393 illos
709 345 866 395 ducere
890 347 1040 416 eadem
1052 346 1231 398 haeclex
1245 352 1378 405 iubet.

214 425 310 482 Ego
331 432 374 468 te
395 431 627 482 cognatum
653 421 803 478 dicam,
823 433 867 473 et
885 423 964 472 tibi
985 423 1164 473 scribam
1185 427 1346 478 dicam:

82 634 190 693 bant]
234 637 337 679 Orba
380 640 558 691 proximo
594 636 726 689 nnbat,

16 705 31 716 ⁵
82 694 226 734 Orbarn
256 696 447 747 proximus
466 695 597 744 ducat,
626 698 727 737 Atti·

82 762 169 790 cum
188 752 245 789 ius
264 750 326 790 est.
381 754 427 790 Et
444 750 496 790 est
519 750 624 801 ordo,
649 754 727 792 Lex

81 804 154 854 est,
188 816 227 844 vt
247 808 364 845 orbae
382 807 438 846 eis
464 805 628 857 nubant,
659 808 727 859 qui

79 859 155 900 fint
172 862 349 911 proximi.
405 863 456 902 D.

137 916 214 955 Lex
233 916 297 968 est,
321 930 362 956 vt
382 915 504 970 orbae]
531 916 660 972 Leges
687 917 728 957 il-

80 971 135 1012 las
153 985 288 1021 narrat,
314 985 405 1024 quas
421 973 600 1012 Oratores
618 970 728 1025 saepe

80 1028 122 1067 in
171 1027 434 1068 controuerfiis
475 1029 726 1071 collocarunt:

80 1082 220 1122 Orban-
243 1093 450 1137 proxumns
467 1085 597 1133 ducat,
626 1084 728 1125 Orba

38 1147 44 1162 ¹
75 1142 249 1192 proximo
267 1139 391 1179 nubat.
445 1142 488 1181 E.

133 1195 216 1234 Lex
235 1195 290 1246 est,
311 1209 352 1234 vt
370 1194 491 1246 orbae]
514 1196 727 1236 Terentius

77 1249 247 1303 Adelph.
262 1251 341 1291 ΑΕΙ.
354 1263 413 1299 ιν,
429 1264 465 1305 ς,
481 1254 540 1293 16.
570 1274 625 1281 —
649 1254 725 1291 vir-

78 1319 129 1361 go
149 1306 242 1346 orba
257 1306 304 1359 est
319 1317 447 1359 patre,
475 1307 550 1346 Hic
566 1319 661 1347 meus
679 1320 722 1345 a-

78 1364 191 1402 nicus
216 1361 271 1400 itta·
289 1376 419 1417 genere
437 1361 484 1414 est
498 1374 724 1414 prox-amun

75 1417 175 1456 Huic
199 1417 290 1472 leges
317 1431 447 1473 cogunt
474 1416 605 1456 nubere
622 1417 726 1484 hanc:

22 1510 26 1513 .
75 1473 328 1513 Demosthen.
362 1473 443 1519 πρός
467 1474 658 1519 Αεαίχαςην·
696 1485 722 1512 O

77 1531 251 1572 νομοθίτης
280 1539 352 1568 etc.
388 1528 450 1571 τὶς
491 1533 635 1573 braxim,-
661 1531 727 1566 τοῖν

77 1590 197 1622 emim
226 1593 280 1622 καὶ
299 1584 364 1626 τὶς
384 1581 522 1626 ὗκδὸσης
537 1587 600 1621 τᾶν
616 1601 727 1631 ‘ymm-

75 1642 142 1678 κεῖν
160 1645 227 1683 τοῖς
243 1637 423 1688 berytii-arci
439 1646 532 1686 γένυς
549 1647 727 1686 venestar-

75 1711 130 1736 η.
184 1695 496 1735 Fortunatianus:
529 1693 629 1734 Orba
641 1707 725 1747 pro-

78 1752 183 1790 ximo
202 1749 328 1799 nubat,
346 1750 543 1801 velfieam
564 1749 724 1790 noluerit

76 1807 118 1846 in
135 1808 409 1847 matrimonium
430 1806 573 1852 ducere,
604 1806 664 1846 det
684 1820 722 1846 x.

73 1864 201 1902 millia.
257 1866 319 1903 De
349 1861 485 1901 decem
507 1861 640 1901 millib.
667 1875 723 1901 re·

74 1917 134 1956 &e
161 1918 275 1957 etiam
301 1916 565 1968 Eugraphiu85
607 1931 720 1968 quam

77 1982 206 2013 tamen
226 1971 409 2012 summam
421 1973 515 2011 dicis
527 1975 648 2026 gratia
659 1973 721 2012 ad-

75 2027 208 2068 ieaam
226 2029 404 2068 arbitror:
423 2039 462 2067 vt
477 2029 517 2066 in
531 2028 724 2082 fragmen-

77 2084 126 2122 tis
144 2085 300 2135 leian.
322 2086 402 2124 Tit.
421 2096 465 2123 11.
485 2083 534 2122 de
552 2083 716 2123 statutib.

74 2128 149 2186 Sub
169 2138 234 2177 bac
254 2140 461 2178 conditione
474 2138 566 2178 liber
582 2140 642 2190 ‘ss‘
653 2140 723 2190 ius:

69 2191 133 2244 fias
145 2224 154 2240 ,
174 2194 338 2245 fidetem
354 2192 464 2234 millia
484 2193 605 2234 heredi
622 2195 723 2235 dede·

76 2252 143 2287 rit.
202 2249 244 2286 Et
266 2249 353 2287 alibi
383 2248 483 2300 apud
503 2251 608 2290 alios.
664 2253 724 2290 ln·

76 2304 127 2343 de
154 2304 387 2355 Papinianus
413 2304 566 2352 Quaest.
600 2303 664 2343 lib.
686 2317 722 2345 2.

77 2355 221 2405 scribit,
264 2362 360 2410 Imp.
397 2362 582 2399 Seuerum
622 2358 723 2397 filine

75 2414 193 2453 flauii
214 2413 486 2467 Athenagorae
514 2413 594 2452 dari
615 2412 723 2453 iussis-

74 2465 118 2509 fe
144 2468 271 2508 decies
291 2480 457 2508 centena
477 2468 575 2507 dotis
601 2471 723 2508 nomi—

77 2535 141 2564 ne.
164 2525 186 2563 Ι.
206 2527 240 2565 6.
261 2530 292 2575 §.
323 2537 353 2566 ι.
375 2524 415 2563 ff.
435 2524 485 2563 de
503 2522 628 2563 vsurir.
673 2528 722 2565 Et

76 2579 237 2619 Martial.
270 2579 335 2619 lib.
364 2593 399 2620 2.
428 2579 560 2632 Epigr.
579 2583 644 2633 65.
678 2581 720 2619 in

77 2633 296 2674 Saleianum
310 2666 319 2684 ,
345 2635 423 2680 Illa,
441 2635 503 2673 illa
519 2635 618 2674 diues
629 2648 720 2674 mor·

77 2698 146 2728 m
166 2689 213 2741 est
227 2690 448 2739 Secundilla,
481 2690 641 2731 Centena
662 2691 721 2731 de-

1285 509 1426 558 Pater·

776 641 846 682 cies
869 653 962 696 quae
986 640 1057 682 tibi
1085 644 1187 685 dedit
1212 646 1338 692 dotis?
1364 655 1424 693 Iu-

776 699 904 738 uenal.
927 699 1047 752 Satyr.
1066 713 1101 748 x,
1138 715 1227 754 335.
1256 728 1311 737 —
1342 711 1424 748 ritu

776 753 889 794 decies
919 767 1064 795 centena
1097 755 1285 799 dabuntur
1318 765 1426 803 Anti-

776 823 860 863 quo.
889 811 979 849 Non
993 812 1096 862 quod
1110 815 1235 853 omnis
1249 817 1423 860 doshisce

776 866 946 904 terminis
994 866 1267 919 circumscripta
1307 878 1422 924 (ratio

776 923 881 963 enirn
910 918 986 972 ipsa
1007 921 1232 979 diuersaque
1249 933 1426 983 exempla

776 972 966 1016 diuersum
987 978 1172 1018 indicant.
1200 982 1224 1021 l.
1244 994 1281 1023 2.
1310 986 1333 1024 l.
1364 1000 1424 1030 11.

776 1031 818 1072 ff.
849 1031 899 1071 de
926 1031 1018 1072 dote
1043 1035 1162 1086 prael.
1191 1039 1329 1080 Nouel.
1357 1056 1423 1086 22·

776 1101 858 1138 cap.
893 1094 955 1136 18.
991 1091 1114 1132 Tacit.
1142 1103 1315 1133 extremo
1341 1103 1427 1139 An-

777 1143 868 1182 nali.
891 1145 973 1193 11.)
991 1143 1053 1184 fed
1069 1147 1173 1196 quod
1192 1163 1260 1200 pro
1279 1164 1422 1202 magna

774 1200 938 1251 pecunia
955 1198 1047 1239 haec
1066 1199 1209 1242 summa
1227 1200 1424 1260 saltim‘po-

772 1255 851 1294 fita.
885 1254 1064 1296 Viderint
1074 1269 1167 1310 ergo
1179 1262 1241 1311 qui
1255 1261 1348 1302 haec
1361 1267 1426 1304 ali-

773 1321 829 1351 ter
845 1311 1160 1362 interpretantur.
1217 1318 1256 1355 L.

825 1367 879 1418 76
920 1368 969 1405 Et
1012 1368 1095 1406 illos
1126 1370 1269 1418 ducere]
1311 1374 1420 1416 Bene

772 1420 960 1461 additum:
990 1423 1089 1461 nihil
1119 1426 1224 1464 enim
1250 1427 1297 1466 ad
1327 1443 1420 1479 rem,

771 1476 797 1516 s1
816 1477 981 1516 ducendi
1004 1479 1198 1519 neceslitas
1230 1495 1310 1522 non
1333 1484 1424 1525 fuis-

773 1531 839 1572 set.
891 1531 1029 1572 Eadem
1075 1534 1160 1573 haec
1200 1536 1259 1577 lex
1294 1539 1419 1596 iubet]

772 1591 861 1628 Non
890 1588 983 1627 duas
1009 1600 1069 1628 res
1094 1589 1203 1630 iubet
1229 1591 1322 1634 haec
1346 1610 1419 1637 vna

773 1644 858 1683 lex:
891 1641 954 1682 sed
981 1645 1118 1694 puellis
1142 1649 1327 1697 permittit
1352 1643 1423 1692 nu-

774 1698 894 1738 bere:
922 1711 1105 1751 cognatos
1131 1704 1234 1754 cogit
1263 1705 1419 1748 ducere.

771 1754 907 1794 Eadem
939 1755 1026 1793 haec
1058 1756 1120 1795 lex
1152 1757 1269 1813 iubet]
1310 1765 1420 1804 Bene

769 1809 895 1851 Iubet.-
921 1811 1110 1851 minorem
1133 1814 1241 1853 enim
1260 1816 1334 1856 vim
1354 1817 1420 1858 ha·

768 1866 836 1906 bet
862 1879 908 1906 ea
929 1866 1013 1913 lex,
1041 1881 1140 1920 quae
1166 1870 1311 1921 aliquid
1338 1887 1421 1925 per·

769 1922 904 1969 mittit,
930 1935 1046 1973 quam
1073 1924 1137 1963 illa
1154 1937 1252 1976 quae
1271 1929 1418 1980 aliquid

769 1977 887 2016 iubet.
940 1980 989 2018 D.

822 2045 877 2086 77
906 2032 987 2088 Ego
1017 2047 1052 2073 te
1076 2047 1269 2089 cognatum
1286 2038 1415 2088 dicam,

770 2102 806 2128 et
835 2088 907 2128 tihi
927 2089 1092 2141 Jbribam
1120 2092 1253 2146 dicam]
1282 2099 1315 2134 A
1333 2109 1418 2146 per-

770 2143 860 2184 sona
878 2147 960 2183 eius
983 2156 1068 2183 cum
1082 2158 1158 2196 quo
1176 2149 1309 2198 agitur.
1348 2154 1417 2190 Po·

771 2201 840 2238 tuit
857 2201 963 2239 euim
983 2200 1076 2246 dici,
1102 2200 1207 2254 Quid
1225 2205 1416 2258 mccumest

769 2254 865 2297 tihi?
919 2256 996 2308 Ego
1018 2269 1052 2293 te
1069 2269 1261 2309 cognatum
1279 2260 1408 2308 dicam,

769 2323 804 2347 et
824 2308 1060 2360 n‘bismbam
1079 2311 1211 2365 dicam]
1242 2314 1419 2362 Κποςςοφῆ

771 2375 810 2403 et
830 2365 990 2406 ηὀοποιίκ.
1047 2367 1151 2403 Haec
1173 2371 1415 2422 narratioest,

770 2433 885 2469 quam
898 2419 988 2459 dicit
998 2420 1147 2459 Tullius
1158 2421 1418 2466 constiturum:

770 2485 808 2512 et
829 2471 919 2526 ipse,
943 2474 1028 2513 Tibi
1045 2478 1109 2513 vni
1123 2481 1416 2533 parcam,inquit

770 2531 809 2568 in
861 2532 1042 2568 verrinis.
1094 2544 1259 2583 repente
1306 2539 1413 2577 enirn

771 2583 944 2624 transitur
963 2586 1009 2624 ad
1039 2586 1151 2625 verba
1169 2587 1415 2640 personarum

769 2640 816 2678 ab
827 2653 956 2679 earum
969 2639 1241 2691 descriptione:
1262 2643 1323 2685 sed
1342 2647 1415 2687 hoe

766 2693 886 2749 ipsum
913 2697 960 2734 ad
987 2700 1286 2741 commonendos
1312 2704 1417 2742 audi-

874 2753 906 2793 E
917 2763 940 2792 e
970 2763 997 2794 2
1316 2768 1416 2800 tores
