1875 3308
659 181 966 229 ADELPH.

1401 197 1464 256 ⁴7.

237 312 354 357 Bene
376 308 487 356 dicat
510 309 651 357 secum
675 307 757 357 esse
779 307 941 357 aRum.
965 308 1071 373 quid
1084 306 1203 363 istuc,
1215 313 1391 364 Sannio,
1404 310 1465 365 Ὦ,

337 386 456 448 quo-d
483 397 524 432 tc
547 387 676 433 audio

237 460 396 508 Nescio
441 462 546 524 quid
590 457 849 508 concertasse
891 477 992 507 cum
1035 459 1182 508 hero?
1222 458 1316 508 SA.
1353 479 1466 510 nun·

336 553 466 599 quam
490 537 577 583 vidi
598 538 789 600 iniquius

240 614 535 658 Certationem
558 622 872 678 comparatam,
903 628 1034 676 quam
1063 611 1168 659 haec
1200 612 1333 662 hodie
1351 615 1465 661 inter

335 705 416 734 nos
438 689 543 736 fuit:

106 888 254 934 motio,
284 898 324 927 et
344 886 534 928 lambiens
562 885 762 940 subsequa-

110 954 189 982 tur:
221 958 289 994 pro
318 944 533 985 Trochaico
558 945 760 986 acatalecto

108 998 290 1038 substitue
316 1013 403 1040 cum
431 1001 565 1040 nostris
594 1002 701 1040 codd.
723 1012 762 1041 et

107 1056 205 1096 Edd.
244 1068 329 1095 vett.
356 1057 564 1096 iambicum
588 1068 761 1097 tetrame-

109 1124 230 1150 trum:
266 1113 368 1159 Tace,
393 1115 532 1168 §gomet
550 1116 762 1153 conueniam

109 1168 250 1221 ipsium:
279 1170 407 1221 cupide
433 1171 591 1223 accipiat
608 1174 681 1210 iam
696 1169 761 1221 fa-

107 1238 183 1262 xo:
222 1225 331 1277 (itque
360 1228 480 1265 en'am.
539 1225 667 1265 Verba
695 1230 761 1265 Αι-

108 1293 174 1333 que
184 1283 293 1320 etiam
307 1281 478 1321 efficiunt
489 1279 760 1322 Proseleusma-

111 1337 238 1382 ticum,
268 1348 309 1375 et
327 1351 378 1387 at,
404 1348 443 1377 vt
459 1336 584 1390 saepe,
603 1339 761 1390 corripi-

110 1402 181 1431 tur.
239 1396 278 1432 B.

163 1460 188 1488 2
203 1447 296 1487 Bene
307 1448 405 1487 dicat
411 1448 540 1498 ficum
551 1447 611 1499 effi
622 1448 761 1502 actum]

109 1503 261 1550 Actum,
294 1506 398 1545 reste
422 1505 598 1544 additum
620 1504 672 1543 est
691 1507 761 1555 (Λ-

111 1558 206 1599 ἑῖιιηι
231 1561 327 1608 bene,
357 1576 389 1599 r.
421 1575 455 1600 a.
487 1575 514 1599 e.
553 1562 635 1612 Z.):
676 1575 764 1600 nam

109 1618 237 1654 multa·
257 1617 371 1655 etiarn
390 1617 531 1668 cupide
549 1617 764 1667 accipimus,

110 1672 163 1710 ita
196 1683 324 1710 tamen
364 1682 401 1711 vt
430 1673 532 1711 male
566 1669 763 1711 nobiscum

111 1725 188 1767 effe
222 1727 394 1767 dicamus
414 1730 549 1768 actum.
604 1727 711 1782 Quid
735 1731 764 1767 i-

101 1782 193 1835 stuc,
204 1784 356 1830 Sannio,
369 1783 432 1838 est]
451 1785 547 1824 lllud
562 1782 670 1836 supra
681 1782 764 1836 post

109 1842 285 1888 Scenam,
312 1839 384 1878 hoc
402 1842 477 1880 iam
496 1841 537 1879 in
557 1840 763 1881 Proscenio

110 1896 261 1936 dicitur.
318 1898 365 1936 Et
391 1897 480 1937 vide
507 1910 620 1948 quam
650 1898 763 1950 inge-

110 1949 218 1991 niose
235 1954 466 1998 Terentius,
495 1955 559 2004 qui
586 1951 693 2004 supra
715 1952 761 1992 ab

111 2006 302 2049 Aeschino
320 2009 476 2047 lenonis
498 2011 662 2049 nomine
672 2008 763 2049 sacit

110 2065 350 2103 Sannionem
379 2066 524 2113 vocari,
559 2076 691 2118 vtpote
717 2065 765 2104 ab

112 2117 273 2158 homine
296 2122 489 2173 anoganti
510 2131 550 2160 et
573 2121 694 2162 feroci
716 2122 764 2160 ob

111 2187 273 2214 aetatem
293 2188 331 2214 et
351 2179 572 2229 negotium:
603 2191 640 2218 at
659 2177 765 2216 hunc

110 2229 250 2270 blande
260 2234 630 2273 circumuenientem
643 2234 765 2273 hono-

111 2285 318 2326 rificentius
340 2289 487 2328 inducit
511 2303 598 2330 cum
619 2292 764 2331 lenone

111 2343 238 2393 loqui,
266 2355 304 2382 et
321 2345 561 2385 saumonem
583 2360 674 2385 eum
700 2360 762 2385 vo-

112 2410 210 2437 care.
269 2402 371 2440 Sane
409 2402 476 2453 qui
520 2403 560 2441 in
605 2400 763 2441 sordidis

110 2453 411 2505 professionibus
428 2470 548 2511 agunt
561 2459 685 2506 vitam,
698 2458 764 2498 lio-

109 2511 271 2549 norih'ce
290 2513 449 2551 nomine
469 2516 624 2565 proprio
634 2515 764 2566 appel-

111 2567 184 2604 las:
218 2565 279 2606 sed
299 2568 363 2618 qui
383 2569 422 2606 in
446 2567 655 2620 splendidis
675 2571 760 2610 arti·

109 2622 178 2661 bus
200 2621 285 2661 sunt
303 2622 503 2673 constituti,
523 2626 761 2678 gaudemar-

107 2679 152 2717 tis
171 2680 334 2718 nominc
363 2682 598 2732 nuncupari,
629 2686 760 2723 vtltn·

1299 782 1324 827 5
1369 769 1467 827 Ego

811 898 984 941 perator,
1011 890 1174 934 Orator,
1201 885 1465 940 Philosophus.

811 947 873 986 Sic
900 956 938 985 et
964 947 1005 984 in
1027 944 1222 990 Eunucho,
1240 946 1380 984 Audire
1400 959 1467 984 va·

813 1015 884 1041 cem
916 1001 994 1051 visa
1010 1000 1099 1052 fiam
1128 1001 1235 1040 modo
1254 1001 1401 1051 militis,
1429 1017 1466 1040 a·-

810 1057 891 1110 pud
930 1055 968 1097 se
993 1058 1161 1109 loquens
1186 1058 1387 1097 meretrix:
1427 1070 1467 1098 et

810 1113 1011 1166 postquam
1031 1115 1137 1153 illum
1156 1114 1331 1153 cominus
1350 1114 1467 1162 videt,

811 1169 928 1215 salue,
946 1173 995 1209 mi
1019 1169 1172 1222 Thraso,
1207 1171 1347 1222 inquit,
1382 1184 1466 1210 non

810 1225 918 1265 Saluo
942 1226 1063 1266 miles:
1094 1226 1198 1278 quod
1218 1232 1298 1267 erat
1325 1226 1467 1268 duriffi-

811 1295 929 1322 mum.
982 1285 1029 1323 Et
1047 1296 1141 1322 mox
1161 1284 1254 1322 irata
1268 1280 1462 1335 personat,

811 1337 939 1387 Miles,
958 1352 1052 1377 nunc
1068 1341 1154 1378 adeo
1164 1340 1264 1378 edico
1277 1339 1358 1378 tibi.
1387 1342 1438 1380 D.

869 1405 890 1446 3
932 1394 1064 1444 ΝςΙὲίο
1113 1396 1205 1449 quid
1251 1394 1466 1448 concertasse

814 1462 891 1488 cum
929 1450 1073 1504 hera3]
1122 1454 1273 1504 Argute
1303 1451 1467 1503 positum

813 1505 946 1556 Nescio
967 1507 1074 1559 quid:
1105 1508 1185 1546 vult
1201 1509 1307 1546 enim
1329 1520 1378 1548 ex
1399 1509 1467 1546 illo

815 1562 960 1607 audire,
987 1573 1024 1600 vt
1041 1561 1277 1602 nanciscatur
1295 1565 1467 1610 initium,

815 1617 919 1667 quod
954 1616 1262 1669 persuadendum
1294 1616 1467 1672 suscepit.

817 1673 1064 1728 Concertaffe]
1105 1681 1284 1721 οἰκονομία,
1309 1675 1469 1716 honori-

813 1727 887 1767 fice
907 1742 1054 1769 nomen
1075 1732 1094 1782 <
1098 1730 1299 1783 hominem)
1328 1736 1467 1781 tradat,

812 1795 851 1824 vt
877 1796 915 1823 et
935 1786 1126 1838 placidum
1148 1787 1215 1827 fibi
1245 1787 1401 1838 reddat,
1429 1799 1469 1828 et

813 1852 853 1880 vt
881 1854 968 1880 eum
995 1842 1109 1882 faciat
1136 1845 1184 1883 ad
1211 1855 1468 1886 contemnen-

813 1897 902 1936 dam
914 1900 1342 1950 pecuniamliberalem.
1369 1905 1468 1942 Nam

813 1952 992 1995 honestas
1005 1955 1139 1995 adimit
1153 1958 1361 1997 auaritiam.
1388 1961 1436 1999 D.

867 2026 896 2065 4
929 2011 1248 2052 concertationem
1274 2026 1467 2066 compara-

815 2068 910 2122 tam]
940 2066 1114 2115 Διασύςει,
1147 2071 1239 2120 quia
1265 2071 1328 2108 illa
1347 2070 1469 2122 (illum

813 2126 878 2176 Z.)
909 2122 1138 2164 concertasse
1158 2126 1265 2173 dixit,
1289 2139 1368 2165 non
1387 2139 1467 2164 cae-

813 2178 893 2219 sum
925 2178 1013 2220 ess'e.
1070 2182 1350 2235 comparatam]
1381 2187 1470 2223 Pro-

813 2238 928 2288 prie:
969 2237 1062 2275 alias
1101 2237 1343 2287 constitutam.
1419 2241 1467 2278 Et

813 2305 1061 2345 comparatam
1081 2293 1128 2332 ad
1147 2294 1289 2333 dicium
1303 2295 1389 2346 Syri
1409 2307 1468 2336 re,-

811 2347 910 2392 sett,
948 2350 1012 2399 qui
1050 2350 1103 2387 ait
1135 2352 1466 2389 concertationem

811 2401 931 2452 fuisse,
952 2415 1060 2455 pares
1072 2404 1217 2444 faciens
1231 2405 1466 2447 Aeschinum

812 2471 853 2499 et
893 2463 1106 2500 Lenonem.
1178 2464 1274 2503 Nam
1315 2463 1466 2503 Sannio

814 2517 893 2555 vult
920 2515 986 2554 {ibi
1019 2516 1151 2557 deberi
1181 2531 1247 2568 pro
1281 2530 1328 2556 eo
1358 2516 1464 2568 quod

810 2572 1025 2622 vapulauit:
1045 2573 1149 2624 quod
1167 2573 1318 2613 abstulit
1336 2574 1465 2625 illisy-

810 2641 896 2676 rus,
924 2628 1092 2668 dicendo
1122 2644 1209 2669 eum
1231 2645 1312 2670 non
1335 2631 1466 2670 verbe-

809 2695 931 2723 ratum
949 2681 1026 2723 effe
1039 2715 1047 2734 ‚
1073 2683 1136 2726 sed
1157 2689 1287 2738 potius
1308 2699 1465 2726 concer-

1361 2740 1464 2782 tasse.
