1875 3292
362 188 452 238 ¹42

736 165 1012 215 ACT.1v.
1049 164 1250 212 SCEN.
1280 165 1355 211 IV.

491 294 632 350 Perii!
666 295 870 345 horresco
908 293 1100 359 semper,
1142 291 1218 342 vbi
1248 293 1422 360 pultare
1456 293 1578 340 hasce
1613 294 1731 340 occi·

596 378 674 441 pio
701 373 844 421 miser.

398 472 459 520 25
496 457 642 506 Heus,
673 452 806 498 heus:
848 445 1088 494 Aeschinus
1123 461 1208 507 ego
1231 444 1350 504 sum3
1386 447 1551 512 aperite
1578 445 1731 510 aliquis

594 525 794 576 ablutum
815 522 989 572 ostium.

495 605 650 657 Prodit
670 603 812 654 nescio
835 601 959 666 quis:
992 597 1231 648 concedam
1252 596 1358 647 huc.

436 720 746 809 Achs
813 743 1180 808 QVARTI
1239 741 1543 797 SCENA
1597 744 1660 799 v.

684 837 924 882 MICIO.
979 833 1415 879 AESCHINVS.

357 915 451 1032 Ιτ
474 997 499 1027 Α
541 988 589 1029 vt
621 975 731 1030 dixi,
777 971 977 1028 Sostrata,

360 1217 472 1252 mum,
491 1200 539 1242 ab
557 1213 608 1240 eo
628 1197 733 1251 quod
757 1195 956 1252 rogandus
972 1194 1027 1234 est

361 1273 486 1317 pater.
545 1256 725 1298 Accedam
744 1253 932 1308 adfores]
960 1254 1028 1294 So-

361 1320 500 1360 stratae
517 1312 673 1354 scilicet.
729 1314 780 1352 D.

419 1386 476 1427 24
513 1369 699 1421 Horrefio
725 1366 892 1425 semper]
928 1366 1027 1407 Satis

361 1430 572 1474 amatorie:
612 1439 703 1465 nam
742 1425 908 1464 nimium
935 1420 1031 1462 fem-

359 1502 433 1543 per
451 1485 506 1528 est
525 1485 649 1532 calor,
679 1494 717 1521 et
736 1480 859 1534 frigus
878 1479 1030 1519 recedit

360 1550 477 1598 (Leg.
496 1542 572 1588 vel,
589 1541 692 1580 Nam
711 1544 749 1577 in
768 1540 879 1576 nimio
906 1548 1030 1576 amore

354 1604 495 1657 frigus
515 1597 573 1648 est,
592 1609 630 1637 et
650 1594 750 1634 calor
767 1593 925 1633 recedit:
957 1591 1029 1638 vel,

365 1658 473 1698 Nam
500 1657 542 1693 in
563 1665 688 1693 amore
714 1651 868 1689 nimium
883 1648 1032 1700 semper

364 1714 413 1766 est
423 1711 582 1767 frigus,
613 1720 648 1747 et
668 1707 766 1746 calor
783 1705 930 1745 recedit.
964 1702 1026 1744 Cf.

362 1775 467 1814 Eun.
500 1780 539 1816 1,
569 1777 615 1814 2,
643 1764 702 1815 4.)
729 1773 940 1813 acor-pore.
973 1770 1024 1808 vt,

370 1829 505 1872 Totus,
525 1824 720 1867 Parmeno,
742 1832 857 1858 tremo
881 1817 1029 1857 horreo-

366 1898 446 1940 que,
461 1878 652 1935 postquam
670 1875 796 1931 aspexi
814 1874 916 1914 hanc.
947 1876 996 1914 D.

421 1952 474 1993 25
512 1936 670 1990 Aperite
705 1933 841 1986 aliquis
868 1930 1032 1970 aetatum

368 1994 517 2050 ostium]
565 1992 657 2033 Vim
690 1989 877 2042 pluralem
916 1987 1033 2026 habet

366 2055 542 2106 Aliquis,
585 2047 761 2100 quamuis
790 2044 1032 2098 singulariter

367 2111 536 2150 dicatur:
567 2118 649 2144 non
672 2102 727 2143 est
745 2102 853 2142 enim
873 2101 1031 2153 AIIquis,

367 2166 439 2207 nist
465 2164 515 2204 de
534 2163 676 2202 multis.
707 2161 809 2199 recie
829 2170 924 2211 ergo
941 2159 1034 2209 Ape-

366 2226 445 2264 rite
454 2222 587 2274 aliquis
600 2230 638 2257 et
650 2230 764 2256 noue.
794 2218 892 2255 Nam
904 2217 1035 2266 (Vter-

368 2293 449 2332 que
470 2278 568 2317 liber
583 2273 703 2314 addit.
723 2270 930 2323 veteribus)
952 2283 1033 2309 non

368 2339 498 2390 placet
523 2332 642 2379 illud,
676 2330 736 2368 vbi
769 2327 1033 2367 distinctiones

367 2391 480 2433 sunt:
507 2389 613 2429 vnde
630 2389 785 2440 Aperite
803 2384 857 2423 est
877 2397 961 2427 vna,
981 2384 1033 2421 al-

369 2460 455 2488 tera
476 2446 637 2499 Aliquis.
694 2444 871 2483 Actutum
884 2439 1031 2494 ostium]

368 2508 426 2546 Vt
456 2501 659 2543 ass'umatur
684 2496 825 2547 rursus,
867 2499 1031 2550 Aperiat.

369 2561 534 2615 proprie
553 2559 661 2597 enim
684 2568 836 2595 veteres
867 2564 906 2594 et
924 2556 1033 2609 Qis,

370 2629 415 2657 et
436 2616 599 2668 Altquis,
631 2624 668 2652 et
687 2612 914 2665 Qyfiluam,
950 2622 1033 2649 non

372 2670 633 2715 obser-naham
663 2682 741 2722 quo
770 2679 938 2723 genere,
969 2675 1036 2708 aut

1569 1046 1714 1094 Facite
1728 1060 1739 1090 τ

1077 1207 1155 1248 quo
1175 1206 1340 1234 numero
1365 1191 1618 1232 declinarent.
1674 1189 1741 1234 Est

1077 1265 1174 1307 ergo
1197 1249 1322 1304 figura
1339 1249 1545 1297 ἄρχαϊσμδς.
1604 1251 1659 1290 D.

1134 1319 1153 1350 1
1186 1308 1262 1355 Ita,
1284 1309 1341 1347 vti
1360 1307 1456 1352 dixi,
1479 1304 1659 1356 Sostrata,
1672 1303 1742 1356 fa-

1079 1367 1164 1409 cite]
1195 1365 1301 1404 Hinc
1327 1372 1493 1416 apparet
1519 1361 1743 1403 Micionem

1079 1423 1159 1462 iam
1176 1420 1296 1461 multa
1313 1416 1460 1459 dixisse.
1519 1419 1570 1458 D.

1133 1478 1193 1517 Ita
1212 1491 1255 1517 vt
1273 1476 1371 1524 dixi,
1393 1474 1570 1528 Sostrata,
1591 1471 1744 1528 facito]

1080 1537 1190 1576 Haec
1208 1536 1334 1575 Scena
1345 1533 1611 1573 narrationem
1622 1540 1747 1577 tenet,

1080 1602 1229 1642 patrem
1250 1592 1474 1630 inuentum.
1531 1591 1633 1628 Nam
1654 1599 1745 1626 cum

1079 1644 1272 1700 ingr-effus
1309 1641 1534 1698 promififfet
1577 1642 1745 1682 mulieri·

1078 1703 1149 1741 bus
1172 1700 1210 1741 se
1237 1701 1428 1740 facturum
1454 1696 1553 1747 esse,
1586 1696 1746 1740 Aeschi-

1079 1771 1154 1798 nus
1180 1769 1220 1797 vt
1240 1758 1412 1797 vitiatam
1433 1755 1549 1795 ducat
1571 1768 1744 1804 vxorem,

1080 1815 1280 1869 egreditur
1300 1825 1422 1867 pater,
1450 1824 1489 1852 et
1507 1810 1584 1851 viso
1596 1811 1675 1851 filio
1686 1826 1745 1852 er-

1079 1883 1205 1912 rorem
1237 1869 1340 1910 hunc
1370 1870 1592 1922 componit,
1638 1866 1745 1921 quod

1081 1925 1278 1969 Aeschino
1299 1927 1483 1966 adductus
1512 1925 1556 1964 fit
1580 1924 1746 1965 aduoca-

1083 1996 1154 2030 tus,
1176 1995 1215 2024 rt
1237 1984 1302 2023 illa
1326 1984 1460 2036 puella
1482 1992 1653 2037 cognato
1675 1980 1745 2022 suo

1082 2040 1262 2089 nuberet,
1280 2041 1347 2080 ille
1368 2041 1540 2080 duceret.
1602 2036 1744 2078 Nescio

1084 2095 1161 2138 esse
1182 2110 1300 2150 quem
1321 2098 1547 2143 vitiatorem,
1580 2096 1642 2134 cui
1662 2095 1746 2135 dari

1084 2168 1169 2196 eam
1197 2164 1408 2206 oporteret,
1429 2164 1466 2192 vt
1486 2148 1745 2192 adolescentis

1083 2213 1234 2251 animus
1258 2208 1422 2263 perspici
1452 2206 1587 2261 posset.
1645 2213 1747 2251 Mox

1083 2268 1430 2320 aperitveriratem,
1452 2277 1492 2304 et
1502 2264 1605 2315 dicit,
1618 2276 1656 2304 vt
1668 2266 1746 2304 iam

1083 2334 1328 2378 praepararet
1367 2321 1406 2362 se
1438 2319 1658 2362 Aeschinus
1695 2320 1746 2360 ad

1082 2394 1238 2421 vxorem
1287 2379 1521 2419 ducendam.
1579 2377 1745 2420 Deinde

1083 2436 1173 2491 ipse,
1187 2436 1290 2489 quod
1304 2434 1412 2487 supra
1423 2437 1515 2484 dixi,
1528 2446 1665 2474 narrat.
1696 2436 1743 2476 E.

1141 2494 1202 2533 Im
1220 2507 1261 2531 vt
1272 2494 1371 2546 dixi]
1391 2496 1440 2534 V.
1453 2494 1498 2534 C.
1529 2492 1640 2533 dixti.
1653 2489 1741 2532 Vid.

1083 2550 1266 2592 Diomed.
1290 2549 1374 2589 libr.
1396 2562 1426 2590 1.
1485 2554 1529 2591 L.

1140 2609 1240 2649 Cum
1261 2609 1430 2658 quatuor
1446 2603 1571 2648 Codd.
1601 2616 1670 2655 pro
1691 2602 1741 2643 Vt

1084 2664 1176 2719 lege
1205 2662 1297 2708 Vn&
1334 2674 1371 2704 vt
1398 2662 1463 2704 hic
1481 2657 1625 2716 ,versus
1654 2671 1743 2699 cum

1428 2733 1432 2737 ·
1654 2716 1744 2757 vlti-
