1875 3292
330 178 426 238 236

760 172 987 220 AcT.1.
1029 171 1222 219 SCEN.
1254 173 1287 219 1.

461 301 625 351 Fidelis
644 302 822 348 euenire
844 310 1071 353 amatores,
1096 303 1218 364 Syra.

460 379 545 428 Vel
567 379 637 426 hic
660 377 912 444 Pamphilus
935 375 1105 425 iurabat
1126 377 1296 441 quoties
1321 375 1537 427 Bacchidi,

325 600 382 642 est
413 599 614 647 Latinum,
653 596 717 641 sed
745 597 834 638 κατὰ
868 600 987 644 τμῆσιν

321 671 518 712 perquam,
546 654 583 694 id
602 656 675 704 est,
706 657 830 696 nimio
859 655 986 706 (nimis

326 715 387 766 Z.)
443 713 565 768 Qum
599 713 763 767 paucos]
815 711 988 762 Quidam

325 784 409 810 non
424 781 572 823 paucos,
603 767 668 809 sed
681 771 810 822 paucis
833 770 986 823 legunt.

325 828 388 869 Sic
407 827 515 866 enim
526 826 790 878 Apollodorus
808 836 988 865 αλποιιοΗ-

323 895 404 925 PAs
422 895 504 923 THc
526 896 582 923 re1
601 894 772 923 10NHNc
788 893 986 923 THPAlccx

322 939 557 987 FAywbalmc
608 948 627 969 ‘l‘
670 941 820 993 (έδέποτ’
867 937 987 988 ὲςαςνῖς

322 1003 397 1040 ταῖς
417 999 586 1042 ἑτκίςκισι
598 1004 714 1044 συνέβη
731 1003 873 1043 βέβαιος.
886 999 986 1035 Tan.

322 1052 412 1095 Fab.
448 1053 594 1095 Melius
641 1065 730 1092 vero
774 1052 984 1098 Bentleius,

322 1111 466 1156 ὀλίγαις
504 1109 622 1156 ἔμε-ἧς
659 1113 769 1156 ’γέγον’
806 1110 986 1157 ἕταίροεισι,

323 1166 434 1213 Σύροι,
466 1171 615 1213 βέβαιος.
657 1167 732 1215 Z).
787 1164 985 1219 Βερενίκη]

321 1230 469 1275 Aptum
507 1221 671 1263 verbum
700 1222 749 1263 ad
777 1223 984 1262 raritatem.

298 1298 303 1309 -.
320 1283 369 1320 Et
396 1280 487 1318 ideo
514 1292 597 1318 non
629 1278 728 1318 dixit
746 1281 854 1332 pauci
872 1276 982 1327 fimt,

321 1335 388 1376 sed
402 1347 542 1389 paucos
554 1337 738 1390 reperias.-
758 1334 860 1388 quali
871 1347 986 1385 quae-

320 1406 425 1433 rens.
483 1395 576 1434 Non
612 1403 743 1432 autem
778 1391 985 1443 reperitur,

321 1449 393 1489 nili
413 1448 518 1501 quod
532 1449 748 1500 quaeritur:
772 1461 855 1487 non
869 1458 988 1499 quae-

320 1508 434 1554 ritur,
468 1505 692 1558 ¹nisi-quod
724 1503 875 1558 praesto
901 1517 985 1544 non

323 1563 376 1604 fit.
434 1566 486 1603 D.
665 1574 667 1576 ·

376 1618 451 1656 Pol
466 1631 576 1670 quam
592 1628 725 1667 paucos
741 1618 905 1668 reperias
917 1629 987 1654 me-

298 1674 521 1715 *retricibus
552 1672 678 1723 fideles
706 1675 852 1711 euenire
884 1685 984 1710 ama-

319 1745 427 1779 tores,
451 1732 563 1781 Syra]
597 1732 706 1767 Haec
724 1731 857 1776 Scena,
880 1738 984 1778 quae

318 1788 491 1840 priorem
525 1786 567 1824 iu
596 1785 720 1836 prima
738 1794 847 1834 parte
873 1785 984 1836 (quae

316 1846 446 1897 priori
480 1845 520 1881 in
556 1853 666 1894 parte
701 1842 764 1892 Z.)
805 1840 983 1879 continet

322 1901 542 1947 transsatum,
585 1912 634 1936 an
665 1896 762 1936 iuste
799 1897 982 1936 meretrix

317 1957 443 2004 faciat,
464 1968 551 1994 cum
570 1954 738 2005 aliquem
756 1953 982 2006 diligat‚,in

319 2013 510 2065 postrema
521 2011 742 2049 narratione
753 2009 844 2048 licut
860 2009 901 2048 in
916 2022 981 2049 om

318 2069 438 2108 babet
458 2071 518 2120 (in
530 2067 716 2119 postrema
726 2067 982 2106 narrationem

307 2126 483 2180 fabulae,
515 2137 555 2163 vt
583 2126 622 2162 in
652 2121 841 2169 omnihus,
873 2121 983 2162 habet

315 2189 396 2231 Z.);
427 2182 614 2234 quoniam
640 2189 917 2233 argumentum
940 2179 981 2217 in

318 2240 491 2293 Prologis
511 2239 722 2277 Terentius
752 2236 903 2275 nullum
931 2246 983 2274 te·

317 2308 399 2335 net.
461 2297 616 2336 Omnes
645 2294 764 2347 igitur
797 2293 880 2331 eius
905 2294 983 2334 Co-

315 2351 500 2391 moediae
530 2351 572 2389 in
603 2350 900 2401 primisScenis
928 2363 983 2388 ar-

317 2409 498 2461 gumenti
528 2407 733 2459 plurimam
757 2407 982 2458 exprimunt

316 2477 475 2515 partem.
529 2467 582 2504 Ea
622 2463 741 2515 igitur
779 2463 975 2508 meretrix,

315 2534 416 2571 quae
453 2519 513 2557 hic
542 2519 604 2567 est,
640 2520 762 2572 longe
789 2534 809 2557 a
838 2518 982 2558 Fabula

319 2577 372 2616 est
396 2575 608 2614 constituta.
652 2579 751 2615 Nam
776 2576 888 2614 aliam
903 2587 982 2613 me·

318 2634 497 2672 reti-icem
511 2645 609 2670 :unat
623 2630 851 2683 Pamphilus.
866 2634 981 2670 Nunc

276 2717 277 2722 =
319 2690 384 2731 ista
402 2689 674 2741 interponitur,
701 2699 737 2728 vt
759 2689 794 2729 ei
812 2699 983 2742 peregre

1551 454 1698 506 Quam

1038 597 1279 644 aduenienti,
1291 607 1406 648 atque
1417 597 1578 645 miranti,
1595 594 1699 646 quod

1037 655 1289 694 meretricem
1335 653 1502 693 duceret.
1566 652 1700 703 Nuria-

1019 711 1102 751 *tur
1137 712 1338 765 (miranti,
1380 712 1478 765 quod
1512 715 1700 748 meretrice

1037 769 1168 808 relifla
1186 781 1342 808 vxorem
1360 767 1513 806 duxerit
1526 765 1595 813 ille,
1617 780 1701 804 nur-

1038 838 1141 865 retur
1186 826 1248 876 Z.)
1279 823 1387 875 'quid
1431 820 1566 861 causae
1613 821 1699 860 fuit.

1039 884 1154 933 Quae
1187 894 1248 921 res
1267 879 1361 919 dum
1382 880 1614 931 exponitur,
1644 892 1700 918 ar-

1038 948 1269 993 gumentum
1306 950 1392 989 pars
1419 937 1547 987 aliqua
1576 935 1700 974 decla-

1037 1005 1095 1035 rat
1121 997 1354 1050 (argumenti
1380 1005 1472 1046 pars
1492 993 1614 1046 aliqua
1640 993 1699 1032 de·

1038 1052 1224 1093 claratur.
1251 1051 1330 1102 Z).
1391 1053 1434 1091 E.

1092 1109 1167 1148 Per
1191 1105 1258 1161 pol
1287 1106 1416 1161 quam]
1448 1105 1605 1146 Seruius
1627 1109 1700 1146 Ae·

1037 1164 1144 1206 neid.
1163 1177 1193 1213 1,
1217 1166 1309 1217 644.
1367 1166 1409 1203 L.

1092 1225 1164 1262 Pro
1185 1221 1330 1260 Paucos
1358 1220 1437 1273 leg,
1468 1231 1555 1257 cum
1581 1217 1700 1270 Apol·

1035 1277 1174 1318 lodoro
1194 1277 1339 1317 Donati
1363 1277 1506 1322 Paucis,
1521 1274 1557 1316 h.
1573 1287 1606 1313 e.
1630 1274 1700 1313 fin·

1024 1335 1139 1388 'gulis
1170 1333 1358 1386 {iugulos3
1388 1345 1470 1371 non
1493 1332 1634 1371 Paucos
1661 1345 1700 1371 a·

1035 1404 1217 1439 mutares,
1248 1389 1351 1441 quasi
1372 1390 1437 1428 vni
1457 1389 1588 1440 plures
1609 1401 1702 1428 con-

1036 1445 1163 1501 tigisse
1192 1447 1324 1486 vellet.
1379 1444 1540 1486 Deinde
1570 1458 1618 1484 ex
1644 1449 1700 1484 A·

1036 1504 1233 1556 pollodori
1260 1502 1327 1541 illo
1348 1509 1466 1549 γέγονε
1498 1503 1591 1554 lege
1612 1503 1701 1540 Eue-

1035 1560 1122 1611 nisJe
1149 1573 1218 1611 pro
1243 1561 1397 1599 &uenire
1429 1560 1470 1597 in
1494 1556 1597 1598 versu
1622 1555 1697 1607 seq.

1036 1618 1082 1656 Id
1104 1615 1209 1667 quod
1232 1625 1271 1654 et
1284 1614 1462 1654 versuiet
1480 1612 1700 1653 sententiae

1037 1670 1281 1712 commodius
1302 1670 1368 1709 est.
1426 1674 1466 1710 B.

1089 1740 1115 1769 2
1146 1727 1299 1776 Fidelis]
1338 1723 1572 1766 Huiusmodi
1615 1722 1698 1763 sen-

1034 1783 1176 1822 tentias
1189 1782 1377 1822 Rhetores
1389 1786 1531 1823 διανοίας
1543 1791 1695 1821 vocant.

1032 1843 1082 1881 Et
1104 1840 1216 1890 mire,
1239 1852 1322 1878 non
1341 1838 1425 1889 Esfi,
1453 1835 1519 1877 sed
1540 1839 1698 1876 Euenire

1033 1895 1154 1940 dixit;
1184 1906 1223 1935 vt
1240 1908 1322 1934 non
1342 1895 1514 1940 rationis,
1549 1891 1609 1932 scd
1636 1907 1697 1932 ca·

1031 1949 1089 1992 sus
1108 1951 1152 1990 {it
1168 1951 1227 2001 id,
1260 1952 1365 2003 quod
1385 1951 1609 1992 rariffimum
1629 1949 1694 1990 est.

1032 2007 1182 2056 Fidelis]
1214 2008 1329 2056 Fidis
1348 2008 1388 2047 in
1407 2008 1603 2047 maximis:
1635 2006 1696 2045 Fi.

1032 2066 1136 2115 deles,
1148 2066 1189 2104 in
1201 2064 1418 2105 minoribus
1430 2063 1610 2117 negotiis,
1641 2065 1692 2103 D.

1088 2134 1111 2175 3
1148 2121 1215 2161 Vel
1239 2121 1297 2161 hic
1317 2119 1545 2173 Pamphilus]
1575 2124 1696 2160 Tran-

1032 2178 1122 2218 litus
1159 2192 1180 2217 a
1217 2177 1397 2231 generali
1427 2174 1614 2216 sententia
1647 2174 1694 2215 ad

1032 2233 1253 2287 specialem.
1317 2234 1398 2288 Vel]
1418 2236 1531 2273 Nunc
1553 2233 1695 2271 veluti:

1033 2292 1124 2331 alias
1146 2291 1369 2330 coniunfflo
1390 2289 1615 2328 difiunffiua
1632 2288 1697 2333 est,
1739 2298 1743 2303 '

1032 2349 1124 2387 alias
1161 2348 1452 2397 correptionem
1494 2344 1695 2398 fignificat.

1031 2415 1071 2444 vt
1096 2404 1198 2457 apud
1219 2404 1455 2444 Ciceronem
1487 2405 1614 2450 (Verr.
1636 2414 1694 2450 lv,

1033 2463 1118 2512 2.),
1152 2458 1220 2499 Vel
1236 2462 1413 2512 optimam
1432 2459 1517 2509 Mes
1528 2471 1617 2496 anae
1643 2460 1695 2495 vi·

1033 2532 1120 2558 tam.
1178 2516 1290 2569 Virg.
1326 2516 1427 2568 (Ecl.
1459 2528 1567 2562 vul,
1605 2514 1695 2564 69.)

1035 2575 1214 2613 Carmina
1242 2571 1301 2612 vel
1319 2572 1413 2611 coelo
1425 2572 1574 2626 possunt
1584 2569 1694 2607 dedu-

1033 2643 1110 2668 cere
1130 2631 1267 2670 lunam.
1327 2633 1408 2670 Aut
1435 2627 1510 2674 vel,
1548 2638 1590 2664 vt
1612 2637 1694 2662 mo·

1033 2686 1098 2740 dol
1158 2685 1313 2728 Iurabat
1333 2687 1478 2740 quoties
1489 2681 1694 2721 Bacchidi!

1584 2751 1693 2792 quam

1830 0 1856 192 ᾼςᾳῒὲἑ-ῑτέίᾷέ
