1875 3292
402 169 502 230 506

800 158 959 207 ACT.
990 159 1046 204 11.
1086 157 1283 205 SCEN.
1316 160 1394 206 ΙΙΙ.

437 310 505 360 7ς
542 298 675 342 Tuus
701 285 761 337 est
781 289 1012 336 damnatus
1035 297 1208 350 gnatus,
1229 305 1321 336 non
1341 299 1417 336 tu:
1453 306 1557 337 nam
1580 299 1655 339 tua

535 369 819 419 Praeterierat
851 367 939 412 iam
969 363 1025 411 ad
1047 364 1299 412 ducendum
1322 376 1452 424 aetas.
1490 365 1597 414 DE.
1631 370 1787 416 omnia·

632 446 740 491 haec

532 522 669 570 Illum
695 527 864 585 putato,
888 530 1001 581 quae
1021 532 1106 578 ego
1126 534 1246 564 nunc
1270 516 1383 570 dico,
1407 517 1573 565 dicere:

532 603 628 647 Aut
651 595 832 661 quidem
853 610 956 640 cum
966 611 1100 641 vxore
1112 593 1192 639 hac
1205 593 1347 658 ipsum
1359 593 1608 658 prohibebo
1629 595 1778 645 domo,

531 671 639 721 GE.
672 676 813 720 Iratus
836 667 908 716 est.
949 666 1044 716 PH.
1084 679 1178 716 tute
1200 669 1319 715 idem
1342 669 1497 717 melius
1519 671 1686 718 feceris.

432 760 501 812 30
537 748 643 798 DE.
679 751 803 794 Itane
828 762 873 795 es
894 756 1070 811 paratus
1094 746 1235 794 facere
1257 762 1329 792 me
1348 745 1580 792 aduersum
1612 750 1776 808 omnia,

529 824 721 874 Infelix?
760 818 856 870 PH.
887 822 1046 868 metuit
1067 821 1139 868 hic
1158 839 1255 874 nos,
1282 820 1446 868 tametsi
1470 821 1618 869 sedulo

531 898 794 950 Diffimulat.
837 894 890 944 G
904 911 943 944 Ε.
984 896 1098 945 bene
1122 897 1287 945 habent
1309 897 1389 945 tibi
1409 899 1644 964 principia.
1676 896 1774 948 ΡΗ.

629 977 753 1040 quin,
777 972 899 1038 quod
922 971 982 1020 est

528 1051 801 1106 Ferendum,
821 1049 936 1098 fers:
971 1051 1058 1097 tuis
1082 1049 1269 1113 dignum
1289 1047 1412 1098 faffis
1438 1050 1608 1106 feceris,

390 1281 472 1319 Iam
490 1271 810 1328 luditparafitust
838 1280 890 1322 tu,
911 1272 1052 1324 inquit,

388 1332 511 1374 senex
539 1334 617 1371 iam
645 1331 799 1370 alterius
834 1330 971 1368 aetatis
1000 1342 1055 1380 es,

391 1390 568 1431 addietus
587 1388 687 1427 filius
707 1396 795 1426 tuus
817 1385 883 1425 est.
939 1388 980 1426 E.

445 1459 501 1501 75
541 1447 642 1486 Tuus
670 1442 716 1496 est
741 1443 939 1482 damnatus
963 1455 1056 1497 gna-

387 1517 470 1551 tus,
506 1516 582 1541 non
616 1499 675 1547 tu]
715 1499 834 1541 Ludit
869 1497 1054 1540 Phormio

389 1574 512 1612 quum
542 1558 656 1603 dicit,
692 1556 787 1596 Non
805 1569 872 1595 tu:
901 1565 941 1594 et
964 1568 1054 1593 con-

387 1616 682 1656 temtibiliorem
701 1613 743 1652 in
762 1612 835 1651 hac
858 1608 964 1650 causa
986 1610 1053 1650 fibi

386 1670 533 1718 senem,
558 1684 675 1720 quam
696 1667 975 1719 Antiphonem
993 1665 1054 1705 fu·

386 1726 476 1775 nse,
509 1726 624 1765 dicit:
664 1724 857 1773 fimulque
883 1733 1052 1761 aetatem

384 1785 491 1824 illius
531 1779 608 1822 effe
643 1777 875 1831 desfessiam.
951 1778 1053 1816 Tuus

388 1841 434 1892 est
463 1841 660 1879 dimmatus
686 1848 842 1892 gnatus,
881 1846 956 1873 non
990 1833 1052 1886 tu]

386 1902 460 1940 Pro
485 1896 687 1935 voluntate
711 1889 987 1930 contendentis
1000 1889 1055 1928 est

387 1953 552 2008 prolatio
578 1949 806 1989 sententiae.
863 1949 909 1988 D.

441 2022 497 2062 77
533 2008 639 2048 Illum
674 2017 825 2057 putato,
861 2015 953 2056 quae
990 2015 1054 2057 ego

383 2081 478 2107 'tunc
507 2066 610 2113 dico,
647 2064 783 2106 dicere]
829 2059 1054 2099 Definitiue

385 2122 594 2174 respondit.
655 2123 704 2160 D.

436 2187 488 2232 73
529 2181 618 2218 Cum
646 2189 764 2215 vxore
795 2174 880 2215 hac]
910 2173 953 2212 ld
983 2170 1050 2224 est,

386 2237 466 2276 tali.
523 2238 570 2274 l).

437 2296 510 2331 Pro
548 2286 735 2329 Prohibeo
783 2286 964 2325 meum-es
1012 2293 1050 2323 et

383 2350 513 2400 plures
544 2347 630 2386 libii
664 2342 854 2384 exhibent
875 2339 1049 2382 Prohibe-

382 2405 440 2442 bo.
499 2409 537 2444 B.

435 2474 490 2513 79
526 2461 618 2499 Tute
640 2458 734 2496 idcm
751 2454 875 2494 mellus
890 2453 1046 2509 ficeris]

378 2519 502 2558 Locus
525 2517 575 2555 cst
601 2515 672 2562 hic,
693 2512 1047 2552 vtofiendntl'hor-

381 2575 462 2610 mio
495 2573 545 2610 (ie
581 2572 779 2622 compnsto
809 2565 929 2619 egisse
957 2581 1045 2606 cum

380 2629 627 2678 Antiphone.
687 2627 778 2664 Tute
800 2627 893 2663 idem
921 2624 1046 2662 melius

1710 1133 1773 1178 Vt

1113 1271 1211 1314 Tute
1226 1271 1322 1312 idem
1339 1270 1465 1311 melius
1472 1269 1613 1324 feceris
1623 1272 1642 1320 ,'
1653 1271 1699 1309 'vt
1717 1267 1770 1310 se-

1106 1342 1184 1368 nex
1206 1330 1336 1381 potius
1354 1340 1478 1375 exeat,
1503 1341 1620 1379 quam
1640 1328 1770 1367 eiiciat

1105 1384 1240 1425 filium.
1310 1381 1525 1425 Artificiose
1554 1395 1683 1424 autem
1716 1386 1770 1423 lo·

1106 1442 1235 1494 quitur
1255 1440 1453 1490 Phormio,
1468 1448 1512 1480 ’t
1532 1440 1675 1480 adimat
1697 1438 1769 1480 sus-

1104 1499 1303 1551 picionem
1333 1496 1412 1539 seni
1441 1495 1703 1537 consensionis
1728 1507 1769 1537 et

1103 1555 1382 1595 conhibentiae
1403 1556 1679 1604 (conuentionis
1696 1552 1764 1594 Ms.

1102 1611 1252 1653 Boend.
1291 1623 1330 1649 et
1369 1611 1436 1650 Ed.
1475 1613 1539 1650 Du
1569 1611 1630 1659 B.)
1662 1611 1767 1648 intei-

1103 1667 1306 1719 parasitum
1326 1677 1365 1704 et
1385 1665 1517 1704 filium.
1575 1669 1624 1706 D.

1166 1723 1259 1762 Tute
1269 1723 1360 1759 idem
1366 1720 1522 1772 feceris]
1544 1718 1765 1773 Hocipfum

1105 1789 1146 1818 tu
1166 1778 1268 1817 refie
1288 1776 1437 1816 feceris.
1493 1779 1536 1816 E.

1161 1840 1208 1883 81
1242 1832 1388 1881 Sedulo]
1429 1833 1527 1873 Sine
1558 1832 1669 1881 dolo,
1710 1835 1764 1873 in-

1103 1890 1258 1929 stanter.
1314 1892 1364 1930 D.

1158 1946 1307 1986 Metuit
1341 1944 1401 1986 hic
1437 1943 1523 1992 nos]
1564 1946 1765 1996 Quoniam

1105 2003 1258 2043 dixerat
1302 2001 1538 2042 submiffiore
1579 2001 1759 2052 nimione,

1105 2060 1210 2100 Itane
1235 2073 1270 2098 es
1292 2071 1451 2112 paratus
1466 2059 1599 2111 sinere
1623 2073 1678 2098 me
1704 2060 1764 2099 ad—

1101 2115 1252 2167 uorstam
1290 2116 1440 2155 omnia?
1482 2117 1599 2166 Quae
1633 2129 1693 2155 res
1724 2129 1763 2154 o-

1101 2173 1248 2212 stendit
1290 2171 1525 2211 iracundiam
1559 2169 1638 2210 effe
1675 2173 1764 2212 lini·

1101 2241 1190 2269 tam.
1248 2232 1292 2269 E.

1159 2293 1211 2336 82
1236 2281 1469 2339 Diffimulat]
1494 2284 1636 2338 Fingit,
1654 2298 1761 2324 men-

1101 2344 1204 2382 titur.
1263 2345 1314 2384 D.

1152 2399 1266 2452 Qcod
1285 2396 1330 2449 cst
1339 2396 1562 2450 serendum]
1583 2398 1688 2447 Quia
1700 2409 1761 2438 res

1099 2453 1320 2496 tolerandas
1347 2451 1533 2492 sustinere
1565 2453 1762 2505 (sustinere

1098 2512 1203 2552 debes
1231 2512 1319 2561 Z),
1348 2521 1389 2549 et
1416 2509 1584 2563 dignum
1611 2512 1684 2550 tuis
1707 2507 1763 2548 fa-

1097 2570 1164 2608 &is
1195 2566 1343 2606 seceris.
1403 2569 1448 2606 E.

1156 2632 1205 2677 33
1237 2625 1343 2678 Quin
1364 2623 1462 2675 quod
1480 2621 1526 2674 est
1542 2619 1773 2673 fluvidum*
1799 2672 1801 2675 y

370 2685 529 2738 seceris]
553 2682 785 2736 Quidamlic
803 2681 1046 2734 intelligunt,
1087 2679 1220 2735 feras]
1259 2683 1338 2723 Cur
1368 2693 1473 2727 non,
1512 2679 1662 2730 inquit,
1694 2691 1760 2716 ac-

1659 2746 1764 2774 Com.
