1875 3292
405 197 504 247 230

755 184 995 232 ALTER
1027 183 1414 231 PROLOGVS

543 313 728 363 Placitae
750 313 860 361 sunt.
897 314 956 360 ita
976 316 1154 360 Poetam
1177 311 1342 360 restitui
1364 314 1409 360 in
1430 306 1596 367 locumss
1651 318 1655 335 ’-

548 394 693 456 Prope
712 393 798 437 iam
823 401 1044 436 remotum
1065 391 1224 436 iniuria
1242 388 1531 436 aduersarium

457 482 518 531 ¹5
551 467 621 514 Ab
648 465 802 518 studio,
826 476 955 529 atque
978 465 1029 512 ab
1053 465 1216 518 labore,
1242 467 1372 528 atque
1392 477 1482 522 arte
1503 461 1677 512 musica.

552 541 690 598 Quod
709 540 739 588 fi
759 542 1014 607 scripturam
1035 537 1284 607 spreuiffem
1307 542 1352 587 in
1375 540 1627 606 praesentia,

549 622 609 667 Et
631 620 677 665 in
701 617 962 665 deterrendo
984 613 1209 664 voluissem
1232 617 1619 682 operamsumere,

550 698 614 743 Vt
638 696 684 740 in
707 697 798 742 otio
823 690 924 740 effet
942 695 1104 759 potius,
1126 709 1258 758 quam
1278 695 1325 738 in
1350 694 1556 754 negotio:

551 766 870 818 Deterruissem
894 769 1030 823 facile,
1054 785 1111 816 ne
1137 769 1237 817 alias
1261 767 1477 816 scriberet.
1545 770 1547 772 ’

455 837 521 898 20
554 851 692 894 Nunc
706 845 812 910 quid
823 857 983 910 petam,
1005 862 1102 892 mea
1115 845 1235 892 causa
1258 861 1397 909 aequo
1409 847 1557 892 animo
1571 843 1795 894 attendite.

553 926 780 986 Hecyram
799 921 854 970 ad
877 939 953 971 vos
976 922 1147 976 refero,
1185 938 1318 986 quam
1340 921 1452 969 mihi
1475 938 1557 988 per
1577 920 1798 969 silentium

420 1122 604 1166 exclusae
629 1121 737 1174 sunt,
772 1125 865 1178 quia
885 1135 978 1166 ante
999 1138 1081 1166 non

421 1193 538 1221 erant
580 1183 781 1235 cognitae,
831 1183 1083 1235 posteaquam

397 1266 400 1268 Α
419 1250 516 1278 meo
538 1237 671 1278 labore
689 1240 874 1292 cognitae
884 1236 980 1286 sunt,
1008 1240 1085 1291 pla-

420 1307 514 1334 cere
546 1306 771 1345 coeperunt.
802 1308 898 1349 ergo
932 1306 972 1334 et
995 1295 1086 1334 istae

419 1351 635 1404 placebunt
655 1351 737 1391 fine
756 1351 890 1399 dubio,
919 1363 1006 1391 cum
1025 1364 1087 1390 co-

418 1406 666 1461 gnoscentur.
726 1411 777 1448 E:

481 1476 530 1518 13
563 1464 727 1504 Placitae
740 1463 856 1519 fiant]
883 1466 986 1506 Nota
1004 1477 1086 1516 pal-

421 1520 604 1571 ticfpium
624 1520 705 1560 fine
728 1520 861 1561 verbo.
923 1521 986 1561 Ita
997 1521 1089 1560 Poe-

421 1590 501 1617 tam
519 1576 662 1627 restitui
680 1580 719 1616 in
737 1577 871 1631 locum]
892 1578 1087 1619 Min-enon

423 1634 652 1680 Caecilium,
678 1630 743 1671 sed
761 1637 942 1673 Poetam:
964 1644 1001 1671 vt
1012 1632 1088 1671 hoe

421 1690 662 1743 genexaliter
679 1689 828 1740 populo
849 1684 1086 1741 piaestitiffe‚

420 1759 507 1786 non
529 1743 630 1783 vni!
619 1746 759 1784 omini
778 1745 965 1785 uideatur.
1020 1744 1089 1783 Re-

414 1800 529 1856 stimi
546 1803 586 1840 in
607 1801 742 1854 locum]
774 1802 876 1852 Quia
893 1809 1088 1840 remotum

422 1868 468 1898 et
487 1855 681 1897 exclusum
702 1856 812 1897 dixit.
867 1859 918 1897 D.

484 1914 646 1954 Placitae
666 1914 783 1967 sunt]
822 1913 978 1954 Seruius
1008 1913 1090 1954 Ae-

422 1970 534 2012 neid.
557 1985 592 2019 x,
620 1971 709 2012 106.
764 1972 806 2011 L.

487 2038 538 2079 14
578 2029 701 2079 Prope
737 2027 811 2066 iam
849 2026 1087 2090 remmotum]

424 2085 658 2124 Geminauit
689 2085 738 2123 M
757 2081 965 2122 secundum
993 2084 1089 2122 anti-

425 2153 547 2191 quos,
583 2141 651 2191 qui
672 2152 808 2178 ornnes
832 2141 874 2179 in
897 2138 1023 2179 verbis
1047 2140 1088 2178 li-

424 2196 567 2249 quidas
587 2195 851 2248 duplicabant.
906 2200 957 2239 D.

482 2265 530 2302 15
565 2251 622 2293 Ab
634 2252 770 2304 studio,
799 2265 907 2305 atque
929 2250 973 2292 ab
993 2249 1089 2290 labo-

422 2310 486 2363 re]
528 2314 637 2349 Bene
675 2307 841 2348 ostendit
874 2306 912 2349 se
944 2309 1090 2361 populo

423 2361 621 2418 profuiffe.
642 2365 860 2408 Caecilium
872 2368 1029 2405 Poetam
1043 2364 1089 2404 ad

423 2422 600 2461 §aboi-em
629 2422 858 2461 reuocando
884 2432 1002 2473 arque
1030 2435 1089 2460 ar-

422 2486 518 2518 tem.
575 2477 635 2517 Ab
662 2481 854 2529 (Faernus
873 2479 984 2517 mete
1010 2491 1090 2516 coi·-

423 2535 527 2573 tex-,it
546 2533 604 2583 fic,
626 2536 840 2574 reuocando.
896 2547 926 2573 A
941 2547 1046 2584 'er
1059 2546 1086 2572 E

422 2602 494 2632 AR
511 2603 578 2628 TE
611 2603 829 2631 MVSICA.
859 2589 915 2630 Ab
938 2592 996 2641 Z.)
1026 2603 1088 2628 au-

423 2655 503 2684 tem
530 2646 565 2682 in
598 2647 711 2684 tertio
743 2646 951 2686 commode
981 2647 1091 2696 (com-

421 2715 521 2742 mate
550 2705 610 2753 Z.)
652 2702 890 2742 audiendum
929 2701 1003 2740 est:
1053 2711 1090 2738 ιτ

421 2759 586 2812 (Aona,
610 2760 749 2814 431.),
778 2760 854 2802 Hic
870 2769 1005 2814 portas
1022 2756 1090 2799 alii

1657 1001 1795 1045 Nun-

1131 1123 1330 1177 effi2diunt,
1350 1124 1408 1164 hic
1428 1122 1504 1164 alta
1525 1122 1666 1163 theatri
1697 1119 1798 1163 Fun-

1132 1184 1302 1222 damenta
1322 1182 1446 1222 locant
1465 1181 1540 1229 alii,
1560 1179 1798 1233 immaneffiue

1134 1240 1320 1278 columnas
1346 1236 1511 1290 Rupibus
1533 1236 1715 1285 excidunt,
1717 1235 1798 1288 fie-

1134 1296 1195 1336 nis
1219 1296 1348 1333 decora
1367 1293 1444 1333 alta
1454 1295 1619 1344 futuris.
1674 1295 1722 1332 D.
1848 1331 1857 1337 ,

1190 1347 1391 1392 Consensu
1414 1349 1539 1392 Codd
1562 1361 1715 1402 repone
1732 1349 1802 1388 At-

1136 1420 1207 1462 que
1225 1419 1307 1447 arte
1328 1405 1374 1445 ab
1390 1405 1532 1457 mustea.
1589 1408 1677 1446 Hoc
1696 1406 1805 1444 enim
1828 1440 1832 1441 γ

1137 1477 1210 1504 nec
1235 1479 1257 1503 a
1274 1461 1378 1503 vexsu
1402 1476 1475 1502 nec
1501 1477 1523 1502 a
1542 1466 1634 1504 Tei.
1647 1459 1807 1502 consue

1138 1520 1280 1561 tudine
1308 1518 1503 1559 ambhonet
1562 1523 1604 1560 B

1196 1580 1247 1623 16
1277 1576 1325 1616 In
1352 1575 1577 1630 praesentia]
1605 1574 1742 1616 Statim
1764 1583 1806 1613 vt

1138 1647 1160 1672 a
1179 1633 1329 1685 populo
1353 1631 1592 1670 eiiciebatur.
1652 1633 1702 1670 D.

1189 1691 1263 1727 Pro
1289 1688 1518 1739 Scripturam
1538 1687 1616 1739 leg.
1637 1686 1805 1738 Scripto-

1138 1757 1227 1783 rem.
1259 1745 1358 1783 Nam
1374 1742 1503 1791 verba,
1526 1755 1626 1795 quae
1639 1739 1808 1794 sequun-

1139 1810 1198 1839 tur
1218 1831 1226 1848 ‚
1280 1800 1494 1847 deterrere,
1547 1801 1590 1839 in
1624 1801 1703 1838 otio
1731 1796 1808 1850 esse,

1128 1854 1308 1911 scribere,
1331 1856 1552 1908 Sciipturae
1572 1868 1655 1895 non
1666 1866 1811 1895 conue-

1138 1914 1265 1956 niunt
1319 1915 1360 1954 Β.

1198 1975 1246 2018 18
1287 1969 1338 2009 Vt
1367 1970 1407 2008 in
1435 1971 1515 2009 otio
1529 1967 1636 2022 cffit
1663 1969 1807 2023 potius,

1139 2040 1246 2081 quam
1274 2028 1313 2065 in
1341 2026 1512 2080 negotio]
1544 2030 1601 2067 Ex
1633 2025 1722 2078 ipsis
1757 2038 1814 2065 re-

1140 2097 1223 2122 rum
1247 2082 1472 2121 nominibus
1492 2081 1662 2122 ostendit
1689 2080 1811 2121 facili-

1139 2151 1256 2179 tatem
1276 2138 1514 2178 deterrendi.
1570 2142 1619 2180 Ι).

1193 2208 1248 2237 20
1286 2195 1399 2235 Nunc
1426 2195 1518 2247 quid
1540 2206 1691 2247 petam,
1731 2206 1812 2233 mea

1141 2251 1271 2306 caufiz]
1302 2253 1411 2290 Bene
1431 2263 1556 2302 petam
1569 2262 1608 2290 et
1632 2264 1713 2290 mea
1727 2262 1812 2288 cau-

1132 2309 1206 2360 sa,
1242 2305 1342 2360 quasi
1364 2308 1518 2347 Or·ato1.
1576 2308 1670 2348 Mea
1703 2304 1812 2358 causa

1142 2376 1259 2417 aequo
1285 2366 1410 2403 animo
1432 2363 1625 2404 attendite
1688 2363 1813 2403 Com-

1141 2419 1344 2460 mendatio
1379 2418 1567 2471 pei-sonae
1605 2421 1704 2460 leuis
1744 2431 1817 2470 per

1140 2477 1253 2516 aliam
1285 2474 1490 2528 personam
1531 2489 1714 2540 gtauem,
1761 2470 1814 2512 se-

1141 2532 1314 2572 cundum
1337 2544 1543 2585 praecepta
1564 2534 1605 2572 in
1629 2530 1814 2574 Rhetori-

1143 2590 1208 2628 cis.
1267 2589 1317 2628 D.

1196 2655 1248 2685 21
1282 2645 1470 2696 Hecyram
1496 2645 1548 2683 ad
1573 2657 1639 2684 vos
1667 2641 1814 2696 refero]

1139 2702 1176 2745 A
1197 2699 1304 2743 causa
1314 2702 1553 2755 principium
1572 2699 1812 2795 narratiogis

1695 2768 1736 2795 m
1769 2768 1808 2794 u·
