<?xml version="1.0" encoding="UTF-8"?>
<!DOCTYPE html PUBLIC "-//W3C//DTD XHTML 1.0 Transitional//EN"
    "http://www.w3.org/TR/xhtml1/DTD/xhtml1-transitional.dtd">
<html xmlns="http://www.w3.org/1999/xhtml" xml:lang="en" lang="en">
 <head>
  <title>
</title>
<meta http-equiv="Content-Type" content="text/html;charset=utf-8" />
  <meta name='ocr-system' content='tesseract 3.04.00' />
  <meta name='ocr-capabilities' content='ocr_page ocr_carea ocr_par ocr_line ocrx_word'/>
</head>
<body>
  <div class='ocr_page' id='page_1' title='image "./comoediaesexexre02tereuoft_0263.png"; bbox 0 0 1875 3244; ppageno 0'>
   <div class='ocr_carea' id='block_1_1' title="bbox 629 167 1535 231">
    <p class='ocr_par' dir='ltr' id='par_1_1' title="bbox 629 167 1535 231">
     <span class='ocr_line' id='line_1_1' title="bbox 629 167 1535 231; baseline -0.004 -11"><span class='ocrx_word' id='word_1_1' title='bbox 629 172 706 220; x_wconf 83' lang='lat' dir='ltr'>tN</span> <span class='ocrx_word' id='word_1_2' title='bbox 740 167 1104 220; x_wconf 77' lang='lat' dir='ltr'><strong>HECYRAM.</strong></span> <span class='ocrx_word' id='word_1_3' title='bbox 1443 182 1535 231; x_wconf 79' lang='lat'>235</span> 
     </span>
    </p>
   </div>
   <div class='ocr_carea' id='block_1_2' title="bbox 217 295 1369 444">
    <p class='ocr_par' dir='ltr' id='par_1_2' title="bbox 217 295 1369 444">
     <span class='ocr_line' id='line_1_2' title="bbox 313 295 1329 363; baseline -0.009 -11"><span class='ocrx_word' id='word_1_4' title='bbox 313 308 374 352; x_wconf 84' lang='lat' dir='ltr'>Vt</span> <span class='ocrx_word' id='word_1_5' title='bbox 394 302 538 351; x_wconf 80' lang='lat' dir='ltr'>lubeat</span> <span class='ocrx_word' id='word_1_6' title='bbox 558 301 741 349; x_wconf 87' lang='lat' dir='ltr'>scribere</span> <span class='ocrx_word' id='word_1_7' title='bbox 761 300 865 349; x_wconf 83' lang='lat' dir='ltr'>aliis,</span> <span class='ocrx_word' id='word_1_8' title='bbox 888 298 1085 363; x_wconf 86' lang='lat' dir='ltr'>mihique</span> <span class='ocrx_word' id='word_1_9' title='bbox 1105 306 1152 345; x_wconf 86' lang='lat' dir='ltr'>vt</span> <span class='ocrx_word' id='word_1_10' title='bbox 1171 295 1329 344; x_wconf 84' lang='lat' dir='ltr'>discere</span> 
     </span>
     <span class='ocr_line' id='line_1_3' title="bbox 217 375 1369 444; baseline -0.008 -15"><span class='ocrx_word' id='word_1_11' title='bbox 217 394 285 444; x_wconf 90' lang='lat'>49</span> <span class='ocrx_word' id='word_1_12' title='bbox 318 384 472 428; x_wconf 84' lang='lat' dir='ltr'>Nouas</span> <span class='ocrx_word' id='word_1_13' title='bbox 494 378 704 444; x_wconf 85' lang='lat' dir='ltr'>expediat,</span> <span class='ocrx_word' id='word_1_14' title='bbox 733 375 910 444; x_wconf 90' lang='lat' dir='ltr'>posthac</span> <span class='ocrx_word' id='word_1_15' title='bbox 929 375 1075 442; x_wconf 81' lang='lat' dir='ltr'>pretio</span> <span class='ocrx_word' id='word_1_16' title='bbox 1098 383 1231 421; x_wconf 82' lang='lat' dir='ltr'><strong>emtas</strong></span> <span class='ocrx_word' id='word_1_17' title='bbox 1253 389 1369 421; x_wconf 83' lang='lat' dir='ltr'>meo.</span> 
     </span>
    </p>
   </div>
   <div class='ocr_carea' id='block_1_3' title="bbox 313 519 1408 654">
    <p class='ocr_par' dir='ltr' id='par_1_3' title="bbox 313 519 1408 654">
     <span class='ocr_line' id='line_1_4' title="bbox 313 519 1408 590; baseline -0.007 -12"><span class='ocrx_word' id='word_1_18' title='bbox 313 526 619 580; x_wconf 81' lang='lat' dir='ltr'>Achs</span> <span class='ocrx_word' id='word_1_19' title='bbox 688 521 945 576; x_wconf 82' lang='lat' dir='ltr'>PRIMI</span> <span class='ocrx_word' id='word_1_20' title='bbox 1008 520 1311 590; x_wconf 21' lang='lat' dir='ltr'><strong>scE-NA</strong></span> <span class='ocrx_word' id='word_1_21' title='bbox 1373 519 1408 571; x_wconf 89' lang='lat'>1.</span> 
     </span>
     <span class='ocr_line' id='line_1_5' title="bbox 599 611 1125 654; baseline -0.01 0"><span class='ocrx_word' id='word_1_22' title='bbox 599 613 899 654; x_wconf 84' lang='lat' dir='ltr'>PHILOTIS.</span> <span class='ocrx_word' id='word_1_23' title='bbox 955 611 1125 652; x_wconf 89' lang='lat' dir='ltr'><strong>SYRA.</strong></span> 
     </span>
    </p>
   </div>
   <div class='ocr_carea' id='block_1_4' title="bbox 174 679 1338 821">
    <p class='ocr_par' dir='ltr' id='par_1_4' title="bbox 174 679 1338 821">
     <span class='ocr_line' id='line_1_6' title="bbox 174 679 1338 821; baseline -0.005 -17"><span class='ocrx_word' id='word_1_24' title='bbox 174 679 258 804; x_wconf 71' lang='lat' dir='ltr'>P</span> <span class='ocrx_word' id='word_1_25' title='bbox 274 773 298 801; x_wconf 78' lang='grc' dir='ltr'>ε</span> <span class='ocrx_word' id='word_1_26' title='bbox 319 772 348 800; x_wconf 74' lang='lat' dir='ltr'>n</span> <span class='ocrx_word' id='word_1_27' title='bbox 384 754 463 821; x_wconf 88' lang='lat' dir='ltr'>pol</span> <span class='ocrx_word' id='word_1_28' title='bbox 486 767 617 819; x_wconf 88' lang='lat' dir='ltr'>quam</span> <span class='ocrx_word' id='word_1_29' title='bbox 638 768 801 819; x_wconf 85' lang='lat' dir='ltr'>paucos</span> <span class='ocrx_word' id='word_1_30' title='bbox 824 751 1015 817; x_wconf 82' lang='lat' dir='ltr'>reperias</span> <span class='ocrx_word' id='word_1_31' title='bbox 1036 748 1338 798; x_wconf 82' lang='lat' dir='ltr'>meretricibus</span> 
     </span>
    </p>
   </div>
   <div class='ocr_carea' id='block_1_5' title="bbox 1065 822 1549 879">
    <p class='ocr_par' dir='ltr' id='par_1_5' title="bbox 1065 822 1549 879">
     <span class='ocr_line' id='line_1_7' title="bbox 1065 822 1549 879; baseline -0.004 -4"><span class='ocrx_word' id='word_1_32' title='bbox 1065 822 1073 848; x_wconf 87' lang='lat'><strong><em>¹</em></strong></span> <span class='ocrx_word' id='word_1_33' title='bbox 1419 827 1549 879; x_wconf 57' lang='lat' dir='ltr'>Fide÷</span> 
     </span>
    </p>
   </div>
   <div class='ocr_carea' id='block_1_6' title="bbox 186 969 1553 1026">
    <p class='ocr_par' dir='ltr' id='par_1_6' title="bbox 186 969 1553 1026">
     <span class='ocr_line' id='line_1_8' title="bbox 186 969 1553 1026; baseline -0.006 -10"><span class='ocrx_word' id='word_1_34' title='bbox 186 977 261 1016; x_wconf 81' lang='lat' dir='ltr'>lam</span> <span class='ocrx_word' id='word_1_35' title='bbox 319 974 618 1015; x_wconf 81' lang='lat' dir='ltr'>commentarius</span> <span class='ocrx_word' id='word_1_36' title='bbox 675 972 844 1025; x_wconf 89' lang='lat' dir='ltr'>primum</span> <span class='ocrx_word' id='word_1_37' title='bbox 893 969 1450 1026; x_wconf 69' lang='lat' dir='ltr'>alibidixst,Postquamaediles</span> <span class='ocrx_word' id='word_1_38' title='bbox 1462 985 1553 1012; x_wconf 81' lang='lat' dir='ltr'>eme·</span> 
     </span>
    </p>
   </div>
   <div class='ocr_carea' id='block_1_7' title="bbox 185 1027 850 1536">
    <p class='ocr_par' dir='ltr' id='par_1_7' title="bbox 185 1027 846 1139">
     <span class='ocr_line' id='line_1_9' title="bbox 186 1027 846 1084; baseline -0.005 -13"><span class='ocrx_word' id='word_1_39' title='bbox 186 1033 312 1072; x_wconf 84' lang='lat' dir='ltr'>editus</span> <span class='ocrx_word' id='word_1_40' title='bbox 347 1032 400 1072; x_wconf 91' lang='lat' dir='ltr'>est</span> <span class='ocrx_word' id='word_1_41' title='bbox 427 1045 450 1071; x_wconf 91' lang='lat' dir='ltr'>e</span> <span class='ocrx_word' id='word_1_42' title='bbox 474 1028 544 1073; x_wconf 67' lang='grc' dir='ltr'>ΜΓ.</span> <span class='ocrx_word' id='word_1_43' title='bbox 573 1042 644 1084; x_wconf 84' lang='lat' dir='ltr'>per</span> <span class='ocrx_word' id='word_1_44' title='bbox 677 1027 846 1070; x_wconf 87' lang='lat' dir='ltr'>Wester-</span> 
     </span>
     <span class='ocr_line' id='line_1_10' title="bbox 185 1087 574 1139; baseline -0.003 -11"><span class='ocrx_word' id='word_1_45' title='bbox 185 1087 362 1128; x_wconf 84' lang='lat' dir='ltr'>houium.</span> <span class='ocrx_word' id='word_1_46' title='bbox 397 1091 474 1139; x_wconf 91' lang='lat' dir='ltr'>Z).</span> <span class='ocrx_word' id='word_1_47' title='bbox 528 1092 574 1129; x_wconf 82' lang='lat' dir='ltr'>E.</span> 
     </span>
    </p>

    <p class='ocr_par' dir='ltr' id='par_1_8' title="bbox 188 1140 850 1468">
     <span class='ocr_line' id='line_1_11' title="bbox 242 1140 843 1198; baseline -0.007 -14"><span class='ocrx_word' id='word_1_48' title='bbox 242 1152 294 1198; x_wconf 80' lang='lat'>48</span> <span class='ocrx_word' id='word_1_49' title='bbox 340 1145 391 1185; x_wconf 84' lang='lat' dir='ltr'>Vt</span> <span class='ocrx_word' id='word_1_50' title='bbox 419 1143 529 1183; x_wconf 86' lang='lat' dir='ltr'>libeat</span> <span class='ocrx_word' id='word_1_51' title='bbox 549 1142 715 1195; x_wconf 82' lang='lat' dir='ltr'>scribere</span> <span class='ocrx_word' id='word_1_52' title='bbox 743 1140 843 1195; x_wconf 81' lang='lat' dir='ltr'>aliis]</span> 
     </span>
     <span class='ocr_line' id='line_1_12' title="bbox 189 1199 845 1249; baseline -0.009 -8"><span class='ocrx_word' id='word_1_53' title='bbox 189 1202 373 1241; x_wconf 86' lang='lat' dir='ltr'>Oratorie</span> <span class='ocrx_word' id='word_1_54' title='bbox 390 1200 457 1239; x_wconf 72' lang='grc' dir='ltr'>ἀπὸ</span> <span class='ocrx_word' id='word_1_55' title='bbox 480 1202 542 1243; x_wconf 67' lang='grc' dir='ltr'>τῆς</span> <span class='ocrx_word' id='word_1_56' title='bbox 562 1206 746 1240; x_wconf 73' lang='grc' dir='ltr'>ὲεΑτι-ιοε</span> <span class='ocrx_word' id='word_1_57' title='bbox 756 1199 845 1249; x_wconf 70' lang='grc' dir='ltr'>(ἰσό-</span> 
     </span>
     <span class='ocr_line' id='line_1_13' title="bbox 188 1252 848 1310; baseline -0.003 -15"><span class='ocrx_word' id='word_1_58' title='bbox 188 1274 287 1302; x_wconf 71' lang='grc' dir='ltr'><strong><em>τητος</em></strong></span> <span class='ocrx_word' id='word_1_59' title='bbox 311 1259 383 1310; x_wconf 90' lang='grc' dir='ltr'>Β.).</span> <span class='ocrx_word' id='word_1_60' title='bbox 413 1262 429 1278; x_wconf 78' lang='grc'><strong>“</strong></span> <span class='ocrx_word' id='word_1_61' title='bbox 457 1256 630 1309; x_wconf 79' lang='lat' dir='ltr'>Mihique</span> <span class='ocrx_word' id='word_1_62' title='bbox 648 1269 690 1294; x_wconf 87' lang='lat' dir='ltr'>vt</span> <span class='ocrx_word' id='word_1_63' title='bbox 713 1252 848 1307; x_wconf 77' lang='lat' dir='ltr'>dtfiere</span> 
     </span>
     <span class='ocr_line' id='line_1_14' title="bbox 188 1310 850 1367; baseline -0.008 -14"><span class='ocrx_word' id='word_1_64' title='bbox 188 1327 306 1354; x_wconf 75' lang='lat' dir='ltr'>nouas</span> <span class='ocrx_word' id='word_1_65' title='bbox 323 1313 513 1367; x_wconf 79' lang='lat' dir='ltr'>expediat]</span> <span class='ocrx_word' id='word_1_66' title='bbox 544 1313 707 1364; x_wconf 83' lang='lat' dir='ltr'>Proprie</span> <span class='ocrx_word' id='word_1_67' title='bbox 724 1310 850 1360; x_wconf 83' lang='lat' dir='ltr'>Disce·</span> 
     </span>
     <span class='ocr_line' id='line_1_15' title="bbox 190 1364 849 1415; baseline -0.006 -6"><span class='ocrx_word' id='word_1_68' title='bbox 190 1384 242 1409; x_wconf 84' lang='lat' dir='ltr'>re.</span> <span class='ocrx_word' id='word_1_69' title='bbox 276 1371 391 1409; x_wconf 82' lang='lat' dir='ltr'>docet</span> <span class='ocrx_word' id='word_1_70' title='bbox 424 1371 530 1409; x_wconf 85' lang='lat' dir='ltr'>enim</span> <span class='ocrx_word' id='word_1_71' title='bbox 566 1372 707 1415; x_wconf 86' lang='lat' dir='ltr'>Poeta,</span> <span class='ocrx_word' id='word_1_72' title='bbox 741 1364 849 1406; x_wconf 81' lang='lat' dir='ltr'>discit</span> 
     </span>
     <span class='ocr_line' id='line_1_16' title="bbox 190 1428 491 1468; baseline -0.01 -1"><span class='ocrx_word' id='word_1_73' title='bbox 190 1428 390 1468; x_wconf 75' lang='lat' dir='ltr'>scenicus.</span> <span class='ocrx_word' id='word_1_74' title='bbox 445 1429 491 1466; x_wconf 92' lang='lat' dir='ltr'>D.</span> 
     </span>
    </p>

    <p class='ocr_par' dir='ltr' id='par_1_9' title="bbox 249 1477 850 1536">
     <span class='ocr_line' id='line_1_17' title="bbox 249 1477 850 1536; baseline -0.012 -12"><span class='ocrx_word' id='word_1_75' title='bbox 249 1484 300 1523; x_wconf 84' lang='lat' dir='ltr'>Vt</span> <span class='ocrx_word' id='word_1_76' title='bbox 333 1482 462 1536; x_wconf 73' lang='lat' dir='ltr'>libeat]</span> <span class='ocrx_word' id='word_1_77' title='bbox 495 1478 567 1521; x_wconf 83' lang='lat' dir='ltr'>Ms.</span> <span class='ocrx_word' id='word_1_78' title='bbox 598 1483 639 1522; x_wconf 89' lang='lat' dir='ltr'>R.</span> <span class='ocrx_word' id='word_1_79' title='bbox 672 1480 724 1520; x_wconf 89' lang='lat' dir='ltr'>Vt</span> <span class='ocrx_word' id='word_1_80' title='bbox 753 1477 850 1518; x_wconf 80' lang='lat' dir='ltr'>Iube-</span> 
     </span>
    </p>
   </div>
   <div class='ocr_carea' id='block_1_8' title="bbox 189 1539 848 1634">
    <p class='ocr_par' dir='ltr' id='par_1_10' title="bbox 189 1539 848 1634">
     <span class='ocr_line' id='line_1_18' title="bbox 189 1539 346 1579; baseline -0.013 0"><span class='ocrx_word' id='word_1_81' title='bbox 189 1553 242 1579; x_wconf 78' lang='grc' dir='ltr'>αι.</span> <span class='ocrx_word' id='word_1_82' title='bbox 304 1539 346 1578; x_wconf 89' lang='lat' dir='ltr'>L.</span> 
     </span>
     <span class='ocr_line' id='line_1_19' title="bbox 244 1590 848 1634; baseline -0.007 0"><span class='ocrx_word' id='word_1_83' title='bbox 244 1598 316 1634; x_wconf 83' lang='lat' dir='ltr'>Pro</span> <span class='ocrx_word' id='word_1_84' title='bbox 337 1594 432 1634; x_wconf 69' lang='lat' dir='ltr'>Aliis</span> <span class='ocrx_word' id='word_1_85' title='bbox 453 1590 747 1633; x_wconf 80' lang='lat' dir='ltr'>rescribendum</span> <span class='ocrx_word' id='word_1_86' title='bbox 762 1604 848 1631; x_wconf 88' lang='lat' dir='ltr'>cen·</span> 
     </span>
    </p>
   </div>
   <div class='ocr_carea' id='block_1_9' title="bbox 155 1648 852 1698">
    <p class='ocr_par' dir='ltr' id='par_1_11' title="bbox 155 1648 852 1698">
     <span class='ocr_line' id='line_1_20' title="bbox 155 1648 852 1698; baseline -0.013 -5"><span class='ocrx_word' id='word_1_87' title='bbox 155 1689 158 1693; x_wconf 80' lang='grc'><strong><em>,</em></strong></span> <span class='ocrx_word' id='word_1_88' title='bbox 189 1648 254 1691; x_wconf 78' lang='lat' dir='ltr'>seo</span> <span class='ocrx_word' id='word_1_89' title='bbox 274 1651 401 1695; x_wconf 49' lang='lat' dir='ltr'>Aliam</span> <span class='ocrx_word' id='word_1_90' title='bbox 430 1662 575 1698; x_wconf 79' lang='lat' dir='ltr'>nempe</span> <span class='ocrx_word' id='word_1_91' title='bbox 600 1659 639 1686; x_wconf 88' lang='lat' dir='ltr'>vt</span> <span class='ocrx_word' id='word_1_92' title='bbox 657 1648 852 1689; x_wconf 81' lang='lat' dir='ltr'>Terentio</span> 
     </span>
    </p>
   </div>
   <div class='ocr_carea' id='block_1_10' title="bbox 190 1704 853 1870">
    <p class='ocr_par' dir='ltr' id='par_1_12' title="bbox 190 1704 853 1870">
     <span class='ocr_line' id='line_1_21' title="bbox 190 1704 851 1747; baseline -0.009 -1"><span class='ocrx_word' id='word_1_93' title='bbox 190 1707 322 1747; x_wconf 79' lang='lat' dir='ltr'>lubeat</span> <span class='ocrx_word' id='word_1_94' title='bbox 362 1704 528 1746; x_wconf 82' lang='lat' dir='ltr'>scribere</span> <span class='ocrx_word' id='word_1_95' title='bbox 579 1704 675 1744; x_wconf 80' lang='lat' dir='ltr'>alias</span> <span class='ocrx_word' id='word_1_96' title='bbox 722 1716 851 1742; x_wconf 72' lang='lat' dir='ltr'>nouas.</span> 
     </span>
     <span class='ocr_line' id='line_1_22' title="bbox 192 1759 853 1815; baseline -0.011 -10"><span class='ocrx_word' id='word_1_97' title='bbox 192 1764 254 1805; x_wconf 84' lang='lat' dir='ltr'>Sic</span> <span class='ocrx_word' id='word_1_98' title='bbox 275 1761 384 1815; x_wconf 81' lang='lat' dir='ltr'>supra</span> <span class='ocrx_word' id='word_1_99' title='bbox 407 1759 497 1802; x_wconf 80' lang='lat' dir='ltr'>vers.</span> <span class='ocrx_word' id='word_1_100' title='bbox 526 1773 585 1802; x_wconf 84' lang='lat'>10.</span> <span class='ocrx_word' id='word_1_101' title='bbox 608 1761 772 1799; x_wconf 82' lang='lat' dir='ltr'>occurrit</span> <span class='ocrx_word' id='word_1_102' title='bbox 790 1760 853 1799; x_wconf 86' lang='lat' dir='ltr'>ali-</span> 
     </span>
     <span class='ocr_line' id='line_1_23' title="bbox 193 1816 853 1870; baseline -0.008 -10"><span class='ocrx_word' id='word_1_103' title='bbox 193 1833 235 1860; x_wconf 82' lang='lat' dir='ltr'>as</span> <span class='ocrx_word' id='word_1_104' title='bbox 255 1819 388 1870; x_wconf 81' lang='lat' dir='ltr'><em>discere</em></span> <span class='ocrx_word' id='word_1_105' title='bbox 410 1831 537 1858; x_wconf 76' lang='lat' dir='ltr'>nouas.</span> <span class='ocrx_word' id='word_1_106' title='bbox 594 1821 642 1857; x_wconf 85' lang='lat' dir='ltr'>Et</span> <span class='ocrx_word' id='word_1_107' title='bbox 663 1816 737 1857; x_wconf 85' lang='lat' dir='ltr'>Ad.</span> <span class='ocrx_word' id='word_1_108' title='bbox 753 1816 853 1858; x_wconf 87' lang='lat' dir='ltr'>Prol.</span> 
     </span>
    </p>
   </div>
   <div class='ocr_carea' id='block_1_11' title="bbox 197 1873 880 1929">
    <p class='ocr_par' dir='ltr' id='par_1_13' title="bbox 197 1873 880 1929">
     <span class='ocr_line' id='line_1_24' title="bbox 197 1873 880 1929; baseline -0.007 -12"><span class='ocrx_word' id='word_1_109' title='bbox 197 1888 266 1929; x_wconf 88' lang='lat'>25.</span> <span class='ocrx_word' id='word_1_110' title='bbox 305 1877 439 1915; x_wconf 82' lang='lat' dir='ltr'><em>Poetae</em></span> <span class='ocrx_word' id='word_1_111' title='bbox 459 1874 642 1920; x_wconf 81' lang='lat' dir='ltr'>occurrit,</span> <span class='ocrx_word' id='word_1_112' title='bbox 669 1885 753 1913; x_wconf 87' lang='lat' dir='ltr'>non</span> <span class='ocrx_word' id='word_1_113' title='bbox 773 1873 857 1913; x_wconf 82' lang='lat' dir='ltr'>aliis</span> <span class='ocrx_word' id='word_1_114' title='bbox 872 1915 880 1921; x_wconf 80' lang='lat'><em>.</em></span> 
     </span>
    </p>
   </div>
   <div class='ocr_carea' id='block_1_12' title="bbox 197 1934 867 2711">
    <p class='ocr_par' dir='ltr' id='par_1_14' title="bbox 199 1934 440 1972">
     <span class='ocr_line' id='line_1_25' title="bbox 199 1934 440 1972; baseline -0.004 0"><span class='ocrx_word' id='word_1_115' title='bbox 199 1934 341 1972; x_wconf 83' lang='lat' dir='ltr'>Poetis.</span> <span class='ocrx_word' id='word_1_116' title='bbox 398 1934 440 1971; x_wconf 87' lang='grc' dir='ltr'>Β.</span> 
     </span>
    </p>

    <p class='ocr_par' dir='ltr' id='par_1_15' title="bbox 197 1984 867 2711">
     <span class='ocr_line' id='line_1_26' title="bbox 253 1984 856 2040; baseline -0.005 -13"><span class='ocrx_word' id='word_1_117' title='bbox 253 2001 306 2040; x_wconf 86' lang='lat'>49</span> <span class='ocrx_word' id='word_1_118' title='bbox 336 1987 469 2026; x_wconf 80' lang='lat' dir='ltr'>Nouus</span> <span class='ocrx_word' id='word_1_119' title='bbox 497 1985 667 2038; x_wconf 83' lang='lat' dir='ltr'>expediat</span> <span class='ocrx_word' id='word_1_120' title='bbox 686 1984 856 2038; x_wconf 75' lang='lat' dir='ltr'>posthac]</span> 
     </span>
     <span class='ocr_line' id='line_1_27' title="bbox 197 2041 859 2096; baseline -0.006 -12"><span class='ocrx_word' id='word_1_121' title='bbox 197 2043 262 2085; x_wconf 79' lang='lat' dir='ltr'>Ab</span> <span class='ocrx_word' id='word_1_122' title='bbox 283 2044 363 2081; x_wconf 84' lang='lat' dir='ltr'>vtili</span> <span class='ocrx_word' id='word_1_123' title='bbox 386 2042 675 2096; x_wconf 84' lang='lat' dir='ltr'>argumentatio</span> <span class='ocrx_word' id='word_1_124' title='bbox 687 2041 752 2080; x_wconf 70' lang='lat' dir='ltr'>esti</span> <span class='ocrx_word' id='word_1_125' title='bbox 810 2045 859 2082; x_wconf 87' lang='lat' dir='ltr'>Et</span> 
     </span>
     <span class='ocr_line' id='line_1_28' title="bbox 199 2099 859 2151; baseline -0.006 -13"><span class='ocrx_word' id='word_1_126' title='bbox 199 2099 326 2143; x_wconf 90' lang='lat' dir='ltr'>bene,</span> <span class='ocrx_word' id='word_1_127' title='bbox 366 2101 412 2139; x_wconf 83' lang='lat' dir='ltr'>Vt</span> <span class='ocrx_word' id='word_1_128' title='bbox 441 2099 638 2151; x_wconf 79' lang='lat' dir='ltr'>expediat:</span> <span class='ocrx_word' id='word_1_129' title='bbox 675 2106 859 2148; x_wconf 81' lang='lat' dir='ltr'>tanquam</span> 
     </span>
     <span class='ocr_line' id='line_1_29' title="bbox 199 2153 862 2204; baseline -0.005 -9"><span class='ocrx_word' id='word_1_130' title='bbox 199 2155 369 2195; x_wconf 58' lang='lat' dir='ltr'>facturus</span> <span class='ocrx_word' id='word_1_131' title='bbox 394 2154 446 2202; x_wconf 84' lang='lat' dir='ltr'>fit,</span> <span class='ocrx_word' id='word_1_132' title='bbox 469 2165 507 2194; x_wconf 92' lang='lat' dir='ltr'>et</span> <span class='ocrx_word' id='word_1_133' title='bbox 529 2155 553 2194; x_wconf 81' lang='lat' dir='ltr'>si</span> <span class='ocrx_word' id='word_1_134' title='bbox 574 2153 862 2204; x_wconf 79' lang='lat' dir='ltr'>nonexpedie-</span> 
     </span>
     <span class='ocr_line' id='line_1_30' title="bbox 201 2210 860 2263; baseline -0.005 -13"><span class='ocrx_word' id='word_1_135' title='bbox 201 2213 269 2259; x_wconf 85' lang='lat' dir='ltr'>rit,</span> <span class='ocrx_word' id='word_1_136' title='bbox 301 2211 393 2250; x_wconf 88' lang='lat' dir='ltr'>dum</span> <span class='ocrx_word' id='word_1_137' title='bbox 421 2210 620 2263; x_wconf 85' lang='lat' dir='ltr'>quaestum</span> <span class='ocrx_word' id='word_1_138' title='bbox 651 2211 860 2248; x_wconf 84' lang='lat' dir='ltr'>maximum</span> 
     </span>
     <span class='ocr_line' id='line_1_31' title="bbox 202 2265 860 2319; baseline -0.006 -12"><span class='ocrx_word' id='word_1_139' title='bbox 202 2265 348 2307; x_wconf 81' lang='lat' dir='ltr'>seruire</span> <span class='ocrx_word' id='word_1_140' title='bbox 375 2268 521 2319; x_wconf 84' lang='lat' dir='ltr'>populo</span> <span class='ocrx_word' id='word_1_141' title='bbox 554 2275 675 2318; x_wconf 83' lang='lat' dir='ltr'>putat.</span> <span class='ocrx_word' id='word_1_142' title='bbox 733 2266 860 2304; x_wconf 86' lang='lat' dir='ltr'>Pretio</span> 
     </span>
     <span class='ocr_line' id='line_1_32' title="bbox 206 2321 862 2375; baseline -0.008 -12"><span class='ocrx_word' id='word_1_143' title='bbox 206 2337 317 2363; x_wconf 78' lang='lat' dir='ltr'>emtas</span> <span class='ocrx_word' id='word_1_144' title='bbox 336 2328 429 2375; x_wconf 92' lang='lat' dir='ltr'>meo]</span> <span class='ocrx_word' id='word_1_145' title='bbox 461 2321 742 2364; x_wconf 78' lang='lat' dir='ltr'>AestimatIOne</span> <span class='ocrx_word' id='word_1_146' title='bbox 760 2336 781 2360; x_wconf 86' lang='lat' dir='ltr'>a</span> <span class='ocrx_word' id='word_1_147' title='bbox 798 2333 862 2359; x_wconf 89' lang='lat' dir='ltr'>me</span> 
     </span>
     <span class='ocr_line' id='line_1_33' title="bbox 204 2377 862 2430; baseline -0.008 -11"><span class='ocrx_word' id='word_1_148' title='bbox 204 2379 312 2427; x_wconf 71' lang='lat' dir='ltr'>sacia,</span> <span class='ocrx_word' id='word_1_149' title='bbox 331 2390 517 2430; x_wconf 86' lang='lat' dir='ltr'>quantum</span> <span class='ocrx_word' id='word_1_150' title='bbox 527 2378 692 2420; x_wconf 84' lang='lat' dir='ltr'>Aediles</span> <span class='ocrx_word' id='word_1_151' title='bbox 707 2377 862 2416; x_wconf 86' lang='lat' dir='ltr'>darent:</span> 
     </span>
     <span class='ocr_line' id='line_1_34' title="bbox 207 2432 865 2487; baseline -0.006 -12"><span class='ocrx_word' id='word_1_152' title='bbox 207 2448 247 2476; x_wconf 86' lang='lat' dir='ltr'>et</span> <span class='ocrx_word' id='word_1_153' title='bbox 267 2434 432 2487; x_wconf 84' lang='lat' dir='ltr'>proinde</span> <span class='ocrx_word' id='word_1_154' title='bbox 459 2447 523 2473; x_wconf 89' lang='lat' dir='ltr'>me</span> <span class='ocrx_word' id='word_1_155' title='bbox 548 2434 809 2486; x_wconf 79' lang='lat' dir='ltr'>periclitante,</span> <span class='ocrx_word' id='word_1_156' title='bbox 838 2432 865 2471; x_wconf 85' lang='lat' dir='ltr'>fi</span> 
     </span>
     <span class='ocr_line' id='line_1_35' title="bbox 207 2489 864 2542; baseline -0.006 -11"><span class='ocrx_word' id='word_1_157' title='bbox 207 2491 354 2532; x_wconf 60' lang='lat' dir='ltr'>abiefflt</span> <span class='ocrx_word' id='word_1_158' title='bbox 376 2489 531 2538; x_wconf 74' lang='lat' dir='ltr'>Fabula,</span> <span class='ocrx_word' id='word_1_159' title='bbox 563 2504 584 2528; x_wconf 87' lang='lat' dir='ltr'>a</span> <span class='ocrx_word' id='word_1_160' title='bbox 602 2502 667 2528; x_wconf 90' lang='lat' dir='ltr'>me</span> <span class='ocrx_word' id='word_1_161' title='bbox 687 2491 864 2542; x_wconf 86' lang='lat' dir='ltr'>pretium,</span> 
     </span>
     <span class='ocr_line' id='line_1_36' title="bbox 206 2547 864 2600; baseline -0.003 -14"><span class='ocrx_word' id='word_1_162' title='bbox 206 2548 312 2600; x_wconf 89' lang='lat' dir='ltr'>quod</span> <span class='ocrx_word' id='word_1_163' title='bbox 334 2550 476 2587; x_wconf 82' lang='lat' dir='ltr'>Poetae</span> <span class='ocrx_word' id='word_1_164' title='bbox 488 2547 792 2592; x_wconf 82' lang='lat' dir='ltr'>numerauerint‚</span> <span class='ocrx_word' id='word_1_165' title='bbox 809 2558 864 2584; x_wconf 87' lang='lat' dir='ltr'>re-</span> 
     </span>
     <span class='ocr_line' id='line_1_37' title="bbox 207 2601 865 2657; baseline -0.009 -12"><span class='ocrx_word' id='word_1_166' title='bbox 207 2615 351 2657; x_wconf 85' lang='lat' dir='ltr'>petant.</span> <span class='ocrx_word' id='word_1_167' title='bbox 408 2607 514 2655; x_wconf 84' lang='lat' dir='ltr'>Ergo</span> <span class='ocrx_word' id='word_1_168' title='bbox 533 2615 622 2649; x_wconf 92' lang='lat' dir='ltr'>meo,</span> <span class='ocrx_word' id='word_1_169' title='bbox 641 2616 661 2641; x_wconf 85' lang='lat' dir='ltr'>a</span> <span class='ocrx_word' id='word_1_170' title='bbox 680 2616 744 2642; x_wconf 90' lang='lat' dir='ltr'>me</span> <span class='ocrx_word' id='word_1_171' title='bbox 754 2601 865 2648; x_wconf 53' lang='lat' dir='ltr'>theto,</span> 
     </span>
     <span class='ocr_line' id='line_1_38' title="bbox 208 2657 867 2711; baseline -0.006 -10"><span class='ocrx_word' id='word_1_172' title='bbox 208 2674 230 2700; x_wconf 79' lang='lat' dir='ltr'>a</span> <span class='ocrx_word' id='word_1_173' title='bbox 255 2673 320 2701; x_wconf 85' lang='lat' dir='ltr'>me</span> <span class='ocrx_word' id='word_1_174' title='bbox 346 2659 495 2700; x_wconf 83' lang='lat' dir='ltr'>statuto.</span> <span class='ocrx_word' id='word_1_175' title='bbox 549 2660 648 2699; x_wconf 81' lang='lat' dir='ltr'>Nam</span> <span class='ocrx_word' id='word_1_176' title='bbox 669 2657 867 2711; x_wconf 85' lang='lat' dir='ltr'>quomodo</span> 
     </span>
    </p>
   </div>
   <div class='ocr_carea' id='block_1_13' title="bbox 892 1025 1553 1139">
    <p class='ocr_par' dir='ltr' id='par_1_16' title="bbox 892 1025 1553 1139">
     <span class='ocr_line' id='line_1_39' title="bbox 892 1025 1552 1080; baseline -0.006 -11"><span class='ocrx_word' id='word_1_177' title='bbox 892 1029 1012 1069; x_wconf 84' lang='lat' dir='ltr'>rum?</span> <span class='ocrx_word' id='word_1_178' title='bbox 1045 1032 1093 1069; x_wconf 92' lang='lat' dir='ltr'>Et</span> <span class='ocrx_word' id='word_1_179' title='bbox 1110 1028 1229 1076; x_wconf 86' lang='lat' dir='ltr'>bene,</span> <span class='ocrx_word' id='word_1_180' title='bbox 1249 1039 1287 1067; x_wconf 91' lang='lat' dir='ltr'>vt</span> <span class='ocrx_word' id='word_1_181' title='bbox 1299 1025 1475 1080; x_wconf 85' lang='lat' dir='ltr'>sequatur</span> <span class='ocrx_word' id='word_1_182' title='bbox 1485 1040 1552 1079; x_wconf 91' lang='lat' dir='ltr'>po·</span> 
     </span>
     <span class='ocr_line' id='line_1_40' title="bbox 894 1084 1553 1139; baseline -0.005 -15"><span class='ocrx_word' id='word_1_183' title='bbox 894 1086 1007 1139; x_wconf 91' lang='lat' dir='ltr'>pulus</span> <span class='ocrx_word' id='word_1_184' title='bbox 1030 1085 1218 1124; x_wconf 84' lang='lat' dir='ltr'>iudicium</span> <span class='ocrx_word' id='word_1_185' title='bbox 1238 1086 1331 1132; x_wconf 83' lang='lat' dir='ltr'>eius,</span> <span class='ocrx_word' id='word_1_186' title='bbox 1361 1085 1426 1135; x_wconf 84' lang='lat' dir='ltr'>qui</span> <span class='ocrx_word' id='word_1_187' title='bbox 1448 1084 1553 1122; x_wconf 88' lang='lat' dir='ltr'>aesti-</span> 
     </span>
    </p>
   </div>
   <div class='ocr_carea' id='block_1_14' title="bbox 895 1140 1552 1248">
    <p class='ocr_par' dir='ltr' id='par_1_17' title="bbox 895 1140 1552 1248">
     <span class='ocr_line' id='line_1_41' title="bbox 895 1140 1550 1192; baseline -0.005 -11"><span class='ocrx_word' id='word_1_188' title='bbox 895 1154 1001 1182; x_wconf 84' lang='lat' dir='ltr'>mare</span> <span class='ocrx_word' id='word_1_189' title='bbox 1039 1154 1131 1181; x_wconf 90' lang='lat' dir='ltr'>vere</span> <span class='ocrx_word' id='word_1_190' title='bbox 1166 1140 1323 1181; x_wconf 80' lang='lat' dir='ltr'>Fabulas</span> <span class='ocrx_word' id='word_1_191' title='bbox 1366 1140 1550 1192; x_wconf 87' lang='lat' dir='ltr'>potuerit.</span> 
     </span>
     <span class='ocr_line' id='line_1_42' title="bbox 896 1196 1552 1248; baseline -0.005 -9"><span class='ocrx_word' id='word_1_192' title='bbox 896 1200 1024 1239; x_wconf 82' lang='lat' dir='ltr'>Pretio</span> <span class='ocrx_word' id='word_1_193' title='bbox 1041 1211 1168 1238; x_wconf 56' lang='lat' dir='ltr'>”emtas</span> <span class='ocrx_word' id='word_1_194' title='bbox 1196 1197 1287 1245; x_wconf 90' lang='lat' dir='ltr'>meo]</span> <span class='ocrx_word' id='word_1_195' title='bbox 1317 1198 1367 1238; x_wconf 87' lang='lat' dir='ltr'>Vt</span> <span class='ocrx_word' id='word_1_196' title='bbox 1394 1196 1552 1248; x_wconf 87' lang='lat' dir='ltr'>quidam</span> 
     </span>
    </p>
   </div>
   <div class='ocr_carea' id='block_1_15' title="bbox 894 1254 1341 1307">
    <p class='ocr_par' dir='ltr' id='par_1_18' title="bbox 894 1254 1341 1307">
     <span class='ocr_line' id='line_1_43' title="bbox 894 1254 1341 1307; baseline -0.004 -12"><span class='ocrx_word' id='word_1_197' title='bbox 894 1256 1044 1303; x_wconf 88' lang='lat' dir='ltr'>volunt,</span> <span class='ocrx_word' id='word_1_198' title='bbox 1061 1254 1237 1307; x_wconf 79' lang='lat' dir='ltr'>periculo,</span> <span class='ocrx_word' id='word_1_199' title='bbox 1292 1255 1341 1293; x_wconf 89' lang='lat' dir='ltr'>D.</span> 
     </span>
    </p>
   </div>
   <div class='ocr_carea' id='block_1_16' title="bbox 899 1310 1577 2753">
    <p class='ocr_par' dir='ltr' id='par_1_19' title="bbox 899 1310 1576 2715">
     <span class='ocr_line' id='line_1_44' title="bbox 956 1310 1556 1364; baseline -0.007 -14"><span class='ocrx_word' id='word_1_200' title='bbox 956 1323 976 1353; x_wconf 92' lang='lat'>1</span> <span class='ocrx_word' id='word_1_201' title='bbox 1008 1311 1081 1350; x_wconf 85' lang='lat' dir='ltr'>Per</span> <span class='ocrx_word' id='word_1_202' title='bbox 1095 1310 1162 1364; x_wconf 87' lang='lat' dir='ltr'>pol</span> <span class='ocrx_word' id='word_1_203' title='bbox 1179 1322 1288 1362; x_wconf 82' lang='lat' dir='ltr'>quam</span> <span class='ocrx_word' id='word_1_204' title='bbox 1303 1321 1441 1360; x_wconf 84' lang='lat' dir='ltr'>paucos</span> <span class='ocrx_word' id='word_1_205' title='bbox 1458 1319 1556 1361; x_wconf 88' lang='lat' dir='ltr'>repe-</span> 
     </span>
     <span class='ocr_line' id='line_1_45' title="bbox 899 1364 1555 1417; baseline -0.008 -9"><span class='ocrx_word' id='word_1_206' title='bbox 899 1373 975 1408; x_wconf 83' lang='lat' dir='ltr'>rias</span> <span class='ocrx_word' id='word_1_207' title='bbox 1001 1365 1250 1406; x_wconf 83' lang='lat' dir='ltr'>meretricibus</span> <span class='ocrx_word' id='word_1_208' title='bbox 1269 1364 1406 1417; x_wconf 81' lang='lat' dir='ltr'>fidelis]</span> <span class='ocrx_word' id='word_1_209' title='bbox 1437 1369 1555 1406; x_wconf 89' lang='lat' dir='ltr'>Nouo</span> 
     </span>
     <span class='ocr_line' id='line_1_46' title="bbox 901 1421 1558 1478; baseline -0.006 -15"><span class='ocrx_word' id='word_1_210' title='bbox 901 1435 1050 1478; x_wconf 83' lang='lat' dir='ltr'>genere</span> <span class='ocrx_word' id='word_1_211' title='bbox 1087 1422 1150 1461; x_wconf 85' lang='lat' dir='ltr'>hic</span> <span class='ocrx_word' id='word_1_212' title='bbox 1185 1433 1345 1473; x_wconf 77' lang='lat' dir='ltr'>Vtraque</span> <span class='ocrx_word' id='word_1_213' title='bbox 1370 1421 1558 1467; x_wconf 69' lang='grc' dir='ltr'>προτατικοὲ</span> 
     </span>
     <span class='ocr_line' id='line_1_47' title="bbox 899 1477 1558 1527; baseline -0.005 -9"><span class='ocrx_word' id='word_1_214' title='bbox 899 1477 1061 1527; x_wconf 66' lang='grc' dir='ltr'>πρόσωπα</span> <span class='ocrx_word' id='word_1_215' title='bbox 1084 1479 1331 1518; x_wconf 84' lang='lat' dir='ltr'>inducuntur.</span> <span class='ocrx_word' id='word_1_216' title='bbox 1390 1482 1488 1519; x_wconf 89' lang='lat' dir='ltr'>Nam</span> <span class='ocrx_word' id='word_1_217' title='bbox 1519 1487 1558 1516; x_wconf 91' lang='lat' dir='ltr'>et</span> 
     </span>
     <span class='ocr_line' id='line_1_48' title="bbox 901 1535 1561 1588; baseline -0.003 -14"><span class='ocrx_word' id='word_1_218' title='bbox 901 1536 1061 1578; x_wconf 83' lang='lat' dir='ltr'>Philotis</span> <span class='ocrx_word' id='word_1_219' title='bbox 1089 1545 1127 1573; x_wconf 90' lang='lat' dir='ltr'>et</span> <span class='ocrx_word' id='word_1_220' title='bbox 1144 1537 1236 1588; x_wconf 84' lang='lat' dir='ltr'>Syra</span> <span class='ocrx_word' id='word_1_221' title='bbox 1256 1547 1337 1573; x_wconf 90' lang='lat' dir='ltr'>non</span> <span class='ocrx_word' id='word_1_222' title='bbox 1359 1535 1561 1585; x_wconf 82' lang='lat' dir='ltr'>pertinent</span> 
     </span>
     <span class='ocr_line' id='line_1_49' title="bbox 902 1589 1558 1644; baseline -0.008 -12"><span class='ocrx_word' id='word_1_223' title='bbox 902 1592 949 1632; x_wconf 83' lang='lat' dir='ltr'>ad</span> <span class='ocrx_word' id='word_1_224' title='bbox 968 1602 1242 1644; x_wconf 82' lang='lat' dir='ltr'>argumentum</span> <span class='ocrx_word' id='word_1_225' title='bbox 1252 1589 1431 1629; x_wconf 83' lang='lat' dir='ltr'>Fabulae.</span> <span class='ocrx_word' id='word_1_226' title='bbox 1470 1592 1558 1629; x_wconf 84' lang='lat' dir='ltr'>i-loe</span> 
     </span>
     <span class='ocr_line' id='line_1_50' title="bbox 903 1646 1559 1697; baseline -0.003 -10"><span class='ocrx_word' id='word_1_227' title='bbox 903 1647 1189 1693; x_wconf 14' lang='lat' dir='ltr'>autemrtnaluit</span> <span class='ocrx_word' id='word_1_228' title='bbox 1197 1646 1421 1695; x_wconf 86' lang='lat' dir='ltr'>Terentius,</span> <span class='ocrx_word' id='word_1_229' title='bbox 1443 1659 1559 1697; x_wconf 87' lang='lat' dir='ltr'>quam</span> 
     </span>
     <span class='ocr_line' id='line_1_51' title="bbox 902 1703 1563 1756; baseline -0.005 -13"><span class='ocrx_word' id='word_1_230' title='bbox 902 1714 969 1744; x_wconf 84' lang='lat' dir='ltr'>aut</span> <span class='ocrx_word' id='word_1_231' title='bbox 995 1715 1067 1755; x_wconf 88' lang='lat' dir='ltr'>per</span> <span class='ocrx_word' id='word_1_232' title='bbox 1087 1703 1298 1756; x_wconf 87' lang='lat' dir='ltr'>Prologum</span> <span class='ocrx_word' id='word_1_233' title='bbox 1325 1713 1492 1741; x_wconf 83' lang='lat' dir='ltr'>narraret</span> <span class='ocrx_word' id='word_1_234' title='bbox 1509 1716 1563 1740; x_wconf 81' lang='lat' dir='ltr'>ar·</span> 
     </span>
     <span class='ocr_line' id='line_1_52' title="bbox 904 1758 1563 1814; baseline -0.006 -15"><span class='ocrx_word' id='word_1_235' title='bbox 904 1770 1145 1814; x_wconf 88' lang='lat' dir='ltr'>gumentum,</span> <span class='ocrx_word' id='word_1_236' title='bbox 1163 1770 1229 1798; x_wconf 83' lang='lat' dir='ltr'>aut</span> <span class='ocrx_word' id='word_1_237' title='bbox 1245 1758 1327 1797; x_wconf 68' lang='grc' dir='ltr'>θεὸν</span> <span class='ocrx_word' id='word_1_238' title='bbox 1353 1758 1423 1796; x_wconf 63' lang='lat' dir='ltr'>amo*</span> <span class='ocrx_word' id='word_1_239' title='bbox 1452 1775 1563 1805; x_wconf 71' lang='grc' dir='ltr'><em>μηχα·</em></span> 
     </span>
     <span class='ocr_line' id='line_1_53' title="bbox 903 1812 1568 1867; baseline -0.006 -12"><span class='ocrx_word' id='word_1_240' title='bbox 903 1820 958 1860; x_wconf 59' lang='lat' dir='ltr'>vic</span> <span class='ocrx_word' id='word_1_241' title='bbox 993 1815 1195 1855; x_wconf 86' lang='lat' dir='ltr'>induceret</span> <span class='ocrx_word' id='word_1_242' title='bbox 1223 1816 1342 1866; x_wconf 90' lang='lat' dir='ltr'>loqui.</span> <span class='ocrx_word' id='word_1_243' title='bbox 1399 1814 1474 1854; x_wconf 77' lang='lat' dir='ltr'>Per</span> <span class='ocrx_word' id='word_1_244' title='bbox 1500 1812 1568 1867; x_wconf 84' lang='lat' dir='ltr'>pol</span> 
     </span>
     <span class='ocr_line' id='line_1_54' title="bbox 905 1871 1564 1926; baseline -0.005 -15"><span class='ocrx_word' id='word_1_245' title='bbox 905 1885 1014 1926; x_wconf 81' lang='lat' dir='ltr'>quam</span> <span class='ocrx_word' id='word_1_246' title='bbox 1027 1883 1165 1925; x_wconf 77' lang='lat' dir='ltr'>paucos</span> <span class='ocrx_word' id='word_1_247' title='bbox 1181 1871 1356 1924; x_wconf 82' lang='lat' dir='ltr'>reperias]</span> <span class='ocrx_word' id='word_1_248' title='bbox 1379 1873 1463 1911; x_wconf 83' lang='lat' dir='ltr'>Hae</span> <span class='ocrx_word' id='word_1_249' title='bbox 1474 1884 1564 1923; x_wconf 75' lang='lat' dir='ltr'>per-</span> 
     </span>
     <span class='ocr_line' id='line_1_55' title="bbox 906 1925 1567 1969; baseline -0.005 0"><span class='ocrx_word' id='word_1_250' title='bbox 906 1928 1024 1969; x_wconf 83' lang='lat' dir='ltr'>sonae</span> <span class='ocrx_word' id='word_1_251' title='bbox 1041 1928 1220 1967; x_wconf 88' lang='lat' dir='ltr'>Terentii</span> <span class='ocrx_word' id='word_1_252' title='bbox 1247 1941 1356 1968; x_wconf 89' lang='lat' dir='ltr'>more</span> <span class='ocrx_word' id='word_1_253' title='bbox 1384 1925 1567 1966; x_wconf 85' lang='lat' dir='ltr'>extrinse-</span> 
     </span>
     <span class='ocr_line' id='line_1_56' title="bbox 909 1981 1566 2036; baseline -0.005 -12"><span class='ocrx_word' id='word_1_254' title='bbox 909 1998 973 2025; x_wconf 85' lang='lat' dir='ltr'>cus</span> <span class='ocrx_word' id='word_1_255' title='bbox 984 1981 1235 2030; x_wconf 65' lang='lat' dir='ltr'>assumuntur,</span> <span class='ocrx_word' id='word_1_256' title='bbox 1257 1995 1296 2022; x_wconf 89' lang='lat' dir='ltr'>vt</span> <span class='ocrx_word' id='word_1_257' title='bbox 1304 1983 1351 2022; x_wconf 83' lang='lat' dir='ltr'>fic</span> <span class='ocrx_word' id='word_1_258' title='bbox 1361 1995 1566 2036; x_wconf 80' lang='lat' dir='ltr'>argumen-</span> 
     </span>
     <span class='ocr_line' id='line_1_57' title="bbox 908 2037 1567 2090; baseline -0.006 -9"><span class='ocrx_word' id='word_1_259' title='bbox 908 2043 938 2081; x_wconf 85' lang='lat' dir='ltr'>ti</span> <span class='ocrx_word' id='word_1_260' title='bbox 959 2038 1226 2080; x_wconf 79' lang='lat' dir='ltr'>obscuritatem</span> <span class='ocrx_word' id='word_1_261' title='bbox 1255 2037 1441 2090; x_wconf 64' lang='lat' dir='ltr'>speflator</span> <span class='ocrx_word' id='word_1_262' title='bbox 1467 2037 1567 2078; x_wconf 86' lang='lat' dir='ltr'>effu-</span> 
     </span>
     <span class='ocr_line' id='line_1_58' title="bbox 912 2096 1565 2152; baseline -0.003 -16"><span class='ocrx_word' id='word_1_263' title='bbox 912 2100 1004 2152; x_wconf 82' lang='lat' dir='ltr'>giat.</span> <span class='ocrx_word' id='word_1_264' title='bbox 1072 2097 1144 2135; x_wconf 89' lang='lat' dir='ltr'>Per</span> <span class='ocrx_word' id='word_1_265' title='bbox 1169 2096 1234 2148; x_wconf 84' lang='lat' dir='ltr'>pol</span> <span class='ocrx_word' id='word_1_266' title='bbox 1266 2109 1373 2148; x_wconf 77' lang='lat' dir='ltr'>quam</span> <span class='ocrx_word' id='word_1_267' title='bbox 1404 2096 1565 2150; x_wconf 80' lang='lat' dir='ltr'>paucos]</span> 
     </span>
     <span class='ocr_line' id='line_1_59' title="bbox 910 2150 1570 2195; baseline -0.005 -3"><span class='ocrx_word' id='word_1_268' title='bbox 910 2151 1320 2195; x_wconf 83' lang='lat' dir='ltr'>Animaduertendum</span> <span class='ocrx_word' id='word_1_269' title='bbox 1348 2150 1401 2191; x_wconf 90' lang='lat' dir='ltr'>est</span> <span class='ocrx_word' id='word_1_270' title='bbox 1427 2154 1467 2190; x_wconf 89' lang='lat' dir='ltr'>in</span> <span class='ocrx_word' id='word_1_271' title='bbox 1498 2151 1570 2191; x_wconf 69' lang='lat' dir='ltr'>liat:</span> 
     </span>
     <span class='ocr_line' id='line_1_60' title="bbox 910 2207 1572 2256; baseline -0.006 -6"><span class='ocrx_word' id='word_1_272' title='bbox 910 2209 1066 2256; x_wconf 82' lang='lat' dir='ltr'>Fabula,</span> <span class='ocrx_word' id='word_1_273' title='bbox 1084 2210 1314 2248; x_wconf 87' lang='lat' dir='ltr'>Terentium</span> <span class='ocrx_word' id='word_1_274' title='bbox 1336 2207 1478 2247; x_wconf 84' lang='lat' dir='ltr'>bonam</span> <span class='ocrx_word' id='word_1_275' title='bbox 1490 2220 1572 2246; x_wconf 87' lang='lat' dir='ltr'>me-</span> 
     </span>
     <span class='ocr_line' id='line_1_61' title="bbox 912 2262 1570 2316; baseline -0.005 -11"><span class='ocrx_word' id='word_1_276' title='bbox 912 2267 1090 2305; x_wconf 86' lang='lat' dir='ltr'>retricem</span> <span class='ocrx_word' id='word_1_277' title='bbox 1125 2264 1400 2316; x_wconf 63' lang='lat' dir='ltr'>indutiarum,</span> <span class='ocrx_word' id='word_1_278' title='bbox 1439 2277 1490 2302; x_wconf 88' lang='lat' dir='ltr'>ne</span> <span class='ocrx_word' id='word_1_279' title='bbox 1530 2262 1570 2302; x_wconf 82' lang='lat' dir='ltr'>id</span> 
     </span>
     <span class='ocr_line' id='line_1_62' title="bbox 912 2319 1572 2370; baseline -0.002 -10"><span class='ocrx_word' id='word_1_280' title='bbox 912 2332 1047 2360; x_wconf 84' lang='lat' dir='ltr'>contra</span> <span class='ocrx_word' id='word_1_281' title='bbox 1067 2333 1220 2359; x_wconf 90' lang='lat' dir='ltr'>morem</span> <span class='ocrx_word' id='word_1_282' title='bbox 1244 2319 1572 2370; x_wconf 79' lang='lat' dir='ltr'>videatursacere,</span> 
     </span>
     <span class='ocr_line' id='line_1_63' title="bbox 913 2376 1571 2416; baseline -0.002 -1"><span class='ocrx_word' id='word_1_283' title='bbox 913 2379 1028 2416; x_wconf 85' lang='lat' dir='ltr'>etiam</span> <span class='ocrx_word' id='word_1_284' title='bbox 1069 2376 1183 2415; x_wconf 80' lang='lat' dir='ltr'>aliam</span> <span class='ocrx_word' id='word_1_285' title='bbox 1216 2378 1459 2416; x_wconf 88' lang='lat' dir='ltr'>meretricem</span> <span class='ocrx_word' id='word_1_286' title='bbox 1488 2390 1571 2416; x_wconf 83' lang='lat' dir='ltr'>non</span> 
     </span>
     <span class='ocr_line' id='line_1_64' title="bbox 914 2432 1574 2472; baseline 0 0"><span class='ocrx_word' id='word_1_287' title='bbox 914 2433 1055 2472; x_wconf 85' lang='lat' dir='ltr'>malam</span> <span class='ocrx_word' id='word_1_288' title='bbox 1077 2432 1284 2472; x_wconf 85' lang='lat' dir='ltr'>inducere:</span> <span class='ocrx_word' id='word_1_289' title='bbox 1315 2442 1354 2471; x_wconf 81' lang='lat' dir='ltr'>vt</span> <span class='ocrx_word' id='word_1_290' title='bbox 1381 2433 1420 2472; x_wconf 90' lang='lat' dir='ltr'>id</span> <span class='ocrx_word' id='word_1_291' title='bbox 1441 2446 1574 2472; x_wconf 81' lang='lat' dir='ltr'>exem—</span> 
     </span>
     <span class='ocr_line' id='line_1_65' title="bbox 914 2487 1575 2542; baseline -0.002 -15"><span class='ocrx_word' id='word_1_292' title='bbox 914 2489 988 2542; x_wconf 88' lang='lat' dir='ltr'>plis</span> <span class='ocrx_word' id='word_1_293' title='bbox 1006 2487 1071 2527; x_wconf 82' lang='lat' dir='ltr'>fiat</span> <span class='ocrx_word' id='word_1_294' title='bbox 1089 2489 1220 2538; x_wconf 85' lang='lat' dir='ltr'>tritius,</span> <span class='ocrx_word' id='word_1_295' title='bbox 1254 2500 1291 2528; x_wconf 92' lang='lat' dir='ltr'>et</span> <span class='ocrx_word' id='word_1_296' title='bbox 1308 2487 1370 2528; x_wconf 78' lang='lat' dir='ltr'>vsu</span> <span class='ocrx_word' id='word_1_297' title='bbox 1394 2489 1575 2528; x_wconf 72' lang='lat' dir='ltr'>verisimi-</span> 
     </span>
     <span class='ocr_line' id='line_1_66' title="bbox 915 2544 1575 2598; baseline -0.002 -14"><span class='ocrx_word' id='word_1_298' title='bbox 915 2547 965 2585; x_wconf 90' lang='lat' dir='ltr'>le.</span> <span class='ocrx_word' id='word_1_299' title='bbox 1024 2544 1096 2584; x_wconf 80' lang='lat' dir='ltr'>Per</span> <span class='ocrx_word' id='word_1_300' title='bbox 1113 2546 1178 2597; x_wconf 87' lang='lat' dir='ltr'>pol</span> <span class='ocrx_word' id='word_1_301' title='bbox 1195 2558 1305 2598; x_wconf 79' lang='lat' dir='ltr'>quam</span> <span class='ocrx_word' id='word_1_302' title='bbox 1326 2544 1474 2598; x_wconf 72' lang='lat' dir='ltr'>paucos]</span> <span class='ocrx_word' id='word_1_303' title='bbox 1504 2547 1575 2584; x_wconf 73' lang='lat' dir='ltr'>Oi·-</span> 
     </span>
     <span class='ocr_line' id='line_1_67' title="bbox 917 2599 1576 2655; baseline -0.002 -15"><span class='ocrx_word' id='word_1_304' title='bbox 917 2601 969 2640; x_wconf 90' lang='lat' dir='ltr'>do</span> <span class='ocrx_word' id='word_1_305' title='bbox 998 2599 1074 2651; x_wconf 88' lang='lat' dir='ltr'>est,</span> <span class='ocrx_word' id='word_1_306' title='bbox 1110 2602 1183 2641; x_wconf 86' lang='lat' dir='ltr'>Pol</span> <span class='ocrx_word' id='word_1_307' title='bbox 1200 2613 1271 2654; x_wconf 88' lang='lat' dir='ltr'>per</span> <span class='ocrx_word' id='word_1_308' title='bbox 1300 2615 1410 2655; x_wconf 84' lang='lat' dir='ltr'>quam</span> <span class='ocrx_word' id='word_1_309' title='bbox 1435 2614 1576 2654; x_wconf 76' lang='lat' dir='ltr'>paucos</span> 
     </span>
     <span class='ocr_line' id='line_1_68' title="bbox 917 2658 1576 2715; baseline -0.005 -17"><span class='ocrx_word' id='word_1_310' title='bbox 917 2659 1098 2714; x_wconf 43' lang='lat' dir='ltr'>repertast</span> <span class='ocrx_word' id='word_1_311' title='bbox 1151 2661 1254 2702; x_wconf 81' lang='lat' dir='ltr'>Nam</span> <span class='ocrx_word' id='word_1_312' title='bbox 1278 2669 1345 2713; x_wconf 84' lang='lat' dir='ltr'>per</span> <span class='ocrx_word' id='word_1_313' title='bbox 1365 2658 1433 2715; x_wconf 82' lang='lat' dir='ltr'>pol</span> <span class='ocrx_word' id='word_1_314' title='bbox 1441 2690 1452 2710; x_wconf 79' lang='lat'><em>‚</em></span> <span class='ocrx_word' id='word_1_315' title='bbox 1491 2670 1576 2697; x_wconf 80' lang='lat' dir='ltr'>nou</span> 
     </span>
    </p>

    <p class='ocr_par' dir='ltr' id='par_1_20' title="bbox 1084 2711 1577 2753">
     <span class='ocr_line' id='line_1_69' title="bbox 1084 2711 1577 2753; baseline -0.004 2"><span class='ocrx_word' id='word_1_316' title='bbox 1084 2712 1089 2716; x_wconf 79' lang='grc'><strong><em>’</em></strong></span> <span class='ocrx_word' id='word_1_317' title='bbox 1524 2711 1577 2753; x_wconf 87' lang='lat' dir='ltr'>est</span> 
     </span>
    </p>
   </div>
  </div>
 </body>
</html>
