1859 3196
660 161 962 244 HfichA4

1374 212 1466 260 345

237 327 328 376 Hic
357 324 486 375 video
520 340 592 372 me
617 321 699 371 esse
722 324 904 371 inuisam
933 323 1174 371 immerito:
1214 333 1388 392 tempus
1411 324 1470 372 est

337 401 590 450 concedere.

239 482 309 528 Sic
341 490 549 543 optume,
582 491 628 524 vt
659 493 741 538 ego
769 477 944 542 opinor,
980 476 1123 523 omnis
1148 475 1287 522 causas
1310 478 1473 540 praeci-

341 555 440 600 dam
461 553 689 600 omnibus:

237 634 296 678 Et
307 647 377 676 me
387 630 466 676 hac
477 629 710 692 suspicione
724 626 949 679 exsoluam,
965 626 1098 673 etillis
1110 643 1279 674 morem
1291 624 1471 687 geffero.

243 708 346 754 Sine
373 722 443 751 me
477 704 652 751 obsecro
679 705 763 750 hoc
786 700 1004 764 effugere,
1041 703 1198 763 volgus
1218 702 1337 768 quod
1360 703 1472 750 male

343 781 464 827 audit
485 780 738 825 mulierum.

141 875 202 922 25
238 856 273 906 P
290 870 320 902 Α
338 871 392 903 Μ.
434 860 578 910 Quam
602 855 845 902 fortunatus
870 844 1045 902 caeteris
1079 853 1171 901 sum
1200 853 1357 909 rebus,
1388 854 1473 903 abs-

341 947 428 997 que
450 948 535 980 vna
555 931 659 977 haec
690 932 817 984 foret,

106 1136 246 1187 Quum
273 1131 408 1173 sedulo
428 1142 519 1186 agat
547 1134 686 1191 (Quam
704 1132 769 1184 fi-

96 1190 197 1241 ,aiulo
214 1193 306 1245 agit.
340 1190 404 1229 W.
458 1190 606 1237 Malim,
629 1189 766 1244 Qeam·

108 1260 220 1301 quam
244 1247 377 1299 sedulo
411 1259 503 1301 agat
529 1250 587 1293 Z.)
626 1244 767 1297 socrus,

42 1307 46 1309 ’
108 1317 164 1344 ne
193 1303 288 1354 quid
310 1315 379 1354 per
403 1302 636 1341 iracundiam
658 1303 767 1341 statu-

109 1357 180 1400 isse
215 1358 409 1405 videatur3
444 1358 534 1398 vide
573 1369 699 1398 tamen
733 1369 773 1397 vt

110 1414 421 1455 intermisceatur
460 1414 695 1466 indignatio,
734 1424 774 1452 et

113 1472 238 1511 multa
283 1468 419 1508 dolote
452 1470 652 1521 depromta
680 1469 774 1508 fint:

112 1526 220 1579 quod
241 1528 360 1565 Poeta
390 1538 472 1564 non
495 1526 643 1564 inuitus
670 1523 773 1572 facit,

111 1583 163 1622 ad
185 1590 311 1621 mores
332 1581 618 1632 exprimendos,
650 1579 774 1633 perso-

113 1636 258 1689 nasque
277 1637 509 1676 reddendas.
566 1641 616 1678 D.

166 1695 443 1748 Longinquitas
473 1695 623 1745 aetatis]
653 1694 698 1733 V.
727 1694 772 1735 C.

114 1751 338 1805 Longuz'tas.
394 1752 436 1791 L.

173 1809 245 1846 Pro
272 1806 417 1859 vulgari
437 1805 618 1859 Exopta,
640 1804 774 1845 Bemb.

117 1873 160 1903 et
175 1864 316 1904 Vistor.
342 1861 444 1902 reue
461 1862 662 1915 Exspec'lct.
696 1865 736 1902 Β.

177 1932 227 1961 21
263 1921 338 1959 Hic
357 1918 462 1957 video
475 1932 528 1957 me
540 1917 600 1970 qsJe
619 1917 776 1968 inuisam

118 1976 320 2022 immerno]
369 1976 470 2024 Quia
517 1987 578 2012 rus
621 1973 777 2013 deci-eui

118 2044 309 2084 pergere:
339 2044 418 2068 non
440 2030 541 2081 quasi
565 2043 706 2069 nurum
727 2030 777 2068 vi-

121 2097 265 2134 tatura,
301 2084 366 2126 sed
393 2087 536 2125 locum.
599 2089 649 2126 Et
679 2087 776 2124 mire

119 2143 305 2192 bnaſsau,
348 2153 386 2181 et
408 2156 489 2181 non
517 2141 665 2181 addidit
698 2144 776 2181 cui:

120 2196 185 2237 sed
209 2198 318 2246 dixit,
350 2211 486 2251 tempus
505 2198 552 2249 est
571 2198 772 2236 concedere.

123 2254 230 2303 Quia
260 2266 353 2291 anus
378 2253 481 2296 sum?
513 2267 562 2292 an
593 2254 681 2304 quia
708 2267 778 2293 nu-

121 2322 185 2348 rus
210 2310 248 2346 in
270 2309 414 2351 domo?
471 2308 522 2348 D.

181 2365 293 2403 Video
319 2378 370 2402 me
402 2364 463 2416 effe
486 2362 640 2413 inuisum
659 2366 779 2402 imme·

122 2422 215 2467 rito]
245 2423 291 2460 Et
310 2420 370 2459 hic
386 2421 524 2473 tetigit,
547 2419 649 2470 quod
673 2419 779 2470 supra

122 2477 267 2515 dic-“tum
288 2476 341 2514 est
361 2490 428 2526 per
440 2476 705 2515 conicum-am.
736 2479 777 2515 E.

79 2536 82 2538 ’
177 2531 359 2584 Invisum]
389 2531 627 2573 Menander:
656 2529 778 2577 Πικρὸν

122 2593 169 2628 ἔςι
197 2591 330 2635 See-'mm
355 2594 457 2633 ’γέρων
483 2592 515 2625 ἐν
547 2594 633 2636 οἰκίᾳ
668 2595 779 2635 μένων,

123 2648 189 2686 w.

177 2711 233 2744 22
264 2701 394 2742 Omnes
422 2698 543 2753 caustis
566 2699 780 2754 praecidam

1342 1010 1483 1055 Hanc..

820 1132 1008 1182 omnibus]
1047 1134 1156 1173 Bene
1188 1130 1391 1172 Omnibus:
1421 1145 1478 1173 ne

792 1196 797 1201 ’
817 1189 1032 1242 specialiter
1050 1186 1208 1229 laefiffet
1229 1203 1383 1229 nurum.
1429 1192 1478 1230 Et

818 1247 1055 1300 generaliter
1085 1240 1199 1285 dixit:
1232 1243 1282 1284 Et
1308 1244 1382 1286 illis
1404 1259 1480 1285 mo-

817 1316 893 1342 rem
910 1301 1059 1358 gessero]
1081 1303 1183 1342 Mire
1193 1300 1278 1349 Illis,
1297 1316 1378 1341 non
1393 1302 1480 1340 Nu-

824 1361 898 1398 rui.
952 1362 999 1398 Et
1025 1358 1176 1397 Morem
1197 1357 1353 1412 gessero,
1386 1359 1480 1396 acri-

824 1425 883 1454 ter
924 1413 1085 1453 diffum:
1123 1425 1162 1452 vr
1200 1414 1374 1453 ostendat
1403 1413 1480 1453 hoc

821 1470 907 1508 illos
929 1469 1021 1508 olim
1043 1467 1223 1518 voluiss'e‚
1256 1480 1293 1508 vt
1311 1471 1482 1521 expelle-

822 1537 928 1565 retur
946 1525 1074 1564 dorno.
1107 1535 1146 1563 vt
1163 1525 1189 1565 fi
1211 1523 1323 1572 dicas,
1352 1526 1483 1564 inimi-

823 1595 911 1620 cum
935 1581 1003 1620 tibi
1022 1594 1172 1620 morem
1193 1579 1350 1634 geffifi'e‚
1372 1582 1478 1634 quod

821 1635 861 1677 se
884 1634 1134 1689 suspenderit.
1190 1638 1238 1676 D.

878 1707 935 1746 24
965 1692 1052 1731 Sine
1071 1707 1139 1739 me,
1158 1691 1311 1743 obsecro,
1337 1692 1405 1731 hoc
1424 1692 1483 1745 ef-

815 1747 971 1805 fugere]
1011 1751 1114 1800 Quia
1141 1748 1288 1791 dixerat
1322 1752 1481 1790 maritus

826 1807 921 1855 eius,
945 1805 1075 1844 Omnes
1083 1805 1214 1856 sbcrus
1238 1807 1393 1845 oderunt
1412 1820 1483 1846 nu-

822 1874 903 1902 rus.
963 1861 1047 1900 Sine
1065 1876 1129 1907 me,
1155 1861 1315 1912 obficro,
1342 1862 1405 1903 hoc
1425 1864 1483 1914 ef-

816 1917 967 1973 fugere]
1005 1917 1304 1958 Potentiffimum
1343 1918 1397 1958 est
1432 1919 1482 1959 ad

828 1973 1138 2025 extorquendum
1175 1974 1335 2025 aliquod
1367 1988 1481 2028 argu-

826 2040 1016 2076 mentum,
1039 2043 1158 2080 quum
1176 2031 1250 2071 illis
1269 2031 1408 2082 quibus
1425 2044 1483 2070 ca-

828 2088 860 2126 ri
891 2083 969 2125 effe
994 2085 1201 2135 debemus,
1232 2087 1356 2125 nostra
1375 2085 1480 2126 causa

828 2143 968 2195 potius,
990 2155 1103 2193 quam
1125 2143 1289 2191 illorum,
1317 2142 1481 2182 dicimus

829 2199 927 2238 velle
944 2211 1033 2245 nos,
1063 2209 1125 2237 aut
1147 2200 1255 2237 nolle
1271 2199 1373 2249 quod
1393 2197 1482 2238 saci-

827 2267 926 2294 mus.
981 2255 1080 2293 Nam
1110 2265 1149 2293 et
1177 2254 1398 2305 Pamphilus
1427 2253 1484 2294 su-

826 2324 895 2362 pra
914 2309 962 2347 sic
984 2310 1090 2355 dixit,
1113 2311 1200 2348 Non
1208 2311 1342 2360 sucin,
1372 2324 1483 2363 neque

819 2366 951 2417 finam.
1008 2365 1124 2418 Quod
1147 2367 1237 2404 male
1263 2367 1387 2420 audit]
1415 2371 1480 2408 Su-

828 2435 895 2473 pra
917 2421 1021 2467 dixit,
1043 2422 1088 2459 ab
1107 2421 1283 2460 honesto.
1338 2425 1388 2463 D.

881 2477 994 2527 Qod
1023 2478 1112 2516 male
1140 2478 1245 2516 audit
1271 2479 1481 2532 mulierum]

829 2534 977 2572 Graeca
1002 2534 1205 2572 locutione
1223 2534 1397 2586 politum,
1422 2548 1483 2575 au-

830 2589 887 2628 dit
905 2588 1105 2628 mulmum.
1159 2593 1202 2630 E.

886 2657 938 2696 25
975 2645 1116 2698 Absque
1139 2659 1211 2685 vna
1240 2645 1327 2686 haec
1357 2645 1481 2702 sbret]

828 2700 983 2755 Absque,
1003 2713 1127 2743 extra:
1146 2713 1185 2742 vt
1202 2702 1486 2743 fitaduerbium

937 2760 970 2799 Y
1001 2771 1026 2814 ς
1347 2761 1484 2813 mugit,
