1859 3196
605 208 916 260 HECYRAg

1317 225 1415 273 37⁷

183 348 268 400 sed
288 362 428 413 quum
448 348 499 394 tu
518 344 655 392 satura
677 353 806 407 atque
827 339 946 389 ebria
967 338 1067 392 eris,
1105 352 1219 404 puer
1236 346 1285 386 vt
1306 337 1420 385 satur

282 423 345 478 fit,
368 424 509 470 facito.

183 497 290 550 LA.
327 496 491 546 Noster
511 498 655 549 socer,
686 493 831 547 video,
864 492 1004 540 venit:
1037 506 1182 556 puero
1202 491 1422 537 nutricem

288 575 477 622 adduxit.

131 672 158 721 ς
192 651 435 716 Phidippe,
467 648 645 697 Bacchis
680 645 842 692 deierat
862 639 1098 709 persanRe.
1140 638 1237 689 ΡΗ.
1278 641 1426 688 haeci-

289 743 346 773 ne
370 723 500 775 edst?
536 721 643 770 LA.
682 722 788 768 haec
808 717 884 766 est.

191 804 292 856 PH.
334 805 435 848 Nec
462 799 539 865 pol
561 797 659 861 istae
684 805 890 843 metuunt
910 799 1056 846 Deos:
1094 808 1240 858 neque
1261 792 1339 840 has
1361 807 1426 840 re-

290 877 453 945 spicere
475 879 595 924 Deos
619 875 796 940 opinor.

114 1115 140 1157 ς
171 1099 244 1144 Sed
259 1111 368 1153 quum
387 1095 592 1150 tufiztura,
615 1107 724 1149 atque

63 1158 167 1200 ebria
192 1156 281 1204 eris]
310 1159 395 1196 Hoc
421 1154 476 1194 est
506 1156 546 1193 in
566 1152 724 1192 nutrici-

63 1216 139 1256 bus
159 1228 240 1254 non
257 1211 380 1252 solum
402 1224 483 1250 non
507 1222 631 1261 turpe,
658 1206 724 1248 sed

65 1273 183 1312 etiam
218 1265 478 1309 necefl'arium.
545 1269 615 1314 Et,
654 1265 727 1304 Hic

55 1329 184 1383 fitur,
209 1337 246 1366 et
266 1325 494 1376 haecsbttura
516 1321 620 1363 fecit.
650 1322 699 1361 D.

124 1384 194 1422 Sed
221 1395 334 1435 quum
364 1393 404 1420 tu
421 1380 581 1431 satura]
617 1373 727 1418 Prisc.

69 1440 136 1480 lib.
157 1452 212 1479 vl.
271 1440 312 1478 L.

128 1499 189 1536 Ne
218 1495 332 1532 nimis
363 1489 572 1531 inuenuste
590 1484 731 1541 disper·

73 1553 218 1590 tiantur
237 1553 447 1594 Accentus,
467 1558 629 1598 repone,
662 1545 732 1583 Sed

74 1609 118 1648 :a
141 1621 216 1645 cum
225 1605 359 1656 finum
381 1617 490 1656 atque
510 1601 610 1641 ebria
626 1614 676 1652 es,
696 1612 731 1639 et

70 1665 169 1718 prier
188 1661 367 1712 vcstitur
380 1658 438 1707 fit,
458 1659 592 1710 facito.
633 1660 676 1699 B.

132 1733 158 1770 4
184 1717 317 1768 Noster
325 1717 447 1768 socer,
470 1714 590 1762 video,
610 1710 733 1765 venit]

75 1774 224 1826 Noster,
249 1772 486 1812 blandientis
510 1769 653 1809 dieium
666 1767 731 1806 est.

76 1834 184 1885 Virg.
214 1833 333 1881 (Aen.
359 1841 417 1874 11,
453 1829 564 1881 149.)
602 1822 738 1875 Noster

78 1890 164 1928 eris.
220 1890 269 1928 Et
293 1885 416 1939 magis
443 1884 517 1923 hoe
545 1878 739 1921 consuetu-

78 1945 177 1984 dine
197 1943 340 1983 dietum
365 1940 426 1987 est,
447 1952 563 1991 quam
581 1935 740 1988 integri-

80 2011 172 2040 tate.
227 2003 306 2039 Aut
326 2006 431 2037 certe
449 1994 544 2035 ordo
566 1992 630 2038 est,
662 1995 742 2033 No-

79 2056 156 2098 ster
199 2052 304 2095 socer
341 2052 468 2091 venit:
508 2061 547 2091 et
584 2047 741 2094 deinde,

82 2111 211 2154 Video.
270 2116 347 2151 Aut
382 2107 489 2148 deest
515 2116 578 2148 vt:
623 2115 662 2145 vt
688 2103 744 2152 fit,

87 2169 140 2209 Vt
159 2167 278 2206 video.
334 2167 386 2205 D.

143 2227 196 2263 Vt
224 2221 355 2260 omnia
374 2233 444 2271 per
461 2228 614 2268 tempus
633 2228 745 2269 prae-

88 2277 175 2319 sens
207 2277 489 2323 enuncientur,
535 2276 745 2325 legessum

88 2332 224 2375 Bemb.
254 2342 292 2370 et
329 2330 478 2369 duobus
506 2329 640 2367 nostris
673 2327 747 2366 Ad-

90 2391 204 2430 ducit.
277 2389 381 2425 Tum
420 2384 580 2424 inuersis
621 2382 747 2421 verbis

1334 948 1431 993 BA.

771 1107 854 1144 rat,
892 1092 986 1134 deos
1013 1092 1134 1133 iurat:
1170 1089 1198 1131 fi
1230 1089 1434 1143 produfte,

773 1149 888 1192 valde
916 1151 1028 1189 iurat.
1083 1152 1132 1189 Et
1156 1146 1265 1187 bene
1296 1144 1434 1186 senem

775 1209 915 1247 iratum
960 1205 1262 1258 praeoccupauit
1299 1203 1437 1242 dicen-

777 1265 849 1310 do,
876 1263 1038 1303 Deierat
1056 1260 1205 1312 fhnaefle:
1234 1272 1287 1299 ne
1307 1258 1438 1298 confli-

778 1329 889 1373 geret
907 1333 993 1359 cum
1019 1317 1240 1361 meretrice,
1273 1326 1311 1355 et
1328 1314 1439 1354 fieret

777 1376 909 1416 fabula
962 1374 1126 1426 longior.
1192 1372 1351 1411 Haecine
1398 1382 1439 1409 ea

779 1431 879 1486 ςΙὶῩ]
926 1430 1122 1469 Imitanda
1154 1428 1239 1466 irati
1268 1434 1442 1465 contem·

778 1490 921 1541 platio:
953 1484 1057 1537 quaii
1086 1484 1206 1531 dicat,
1237 1486 1345 1523 Haec
1371 1480 1438 1532 est,

779 1557 893 1596 quam
914 1541 1021 1581 vxori
1038 1539 1256 1591 Pamphilus
1277 1549 1437 1590 antepo-

783 1600 869 1640 nit?
924 1600 972 1638 D.

839 1656 864 1696 6
893 1654 975 1694 Nec
994 1650 1063 1705 pol
1078 1650 1165 1703 tstae
1181 1664 1349 1691 metuunt
1367 1650 1442 1690 De-

785 1713 844 1762 os]
874 1711 958 1751 Hoc
981 1718 1255 1762 argumentum
1269 1707 1333 1754 est,
1360 1719 1445 1745 non

785 1769 889 1808 illam
926 1777 1015 1805 vera
1054 1765 1189 1804 iurare.
1248 1764 1446 1807 sanetum,

787 1826 852 1872 ait,
870 1819 1135 1862 iufiurandum
1156 1819 1224 1870 est,
1255 1831 1321 1859 aut
1338 1830 1446 1858 metu

789 1875 987 1933 religioso,
1009 1887 1073 1916 aut
1093 1874 1284 1928 suppliciis
1304 1873 1448 1914 sacrile-

790 1949 940 1989 gorum.
997 1937 1052 1974 At
1078 1945 1170 1972 vero
1198 1945 1273 1971 nec
1294 1932 1449 1984 religio-

790 1991 851 2033 sae
873 1989 958 2030 sunt
976 1990 1206 2036 meretrices,
1219 1989 1354 2040 inquit,
1375 1999 1449 2025 nee

791 2048 884 2088 dant
910 2058 1077 2099 poenas:
1117 2046 1264 2096 quippe
1298 2056 1397 2094 quae
1426 2055 1449 2079 a

791 2105 876 2146 Diis
904 2113 1217 2142 contemnantur.
1271 2100 1370 2139 Tale
1396 2096 1452 2136 est

795 2159 899 2213 apud
920 2158 1126 2210 Virgilium
1157 2157 1207 2196 de
1227 2156 1368 2194 violato
1395 2155 1451 2192 lu.-

794 2230 852 2265 co,
879 2216 946 2267 qui
966 2213 1178 2252 vindicatus
1198 2225 1278 2250 non
1291 2209 1343 2250 est
1353 2209 1452 2261 (Ecl.

793 2285 872 2319 111,
905 2271 980 2322 8.):
1018 2269 1204 2307 Nouimus
1240 2281 1275 2306 et
1309 2268 1371 2318 qui
1405 2279 1454 2312 te,

797 2323 1011 2376 tranficcrfiz
1059 2323 1243 2363 tuentibus
1281 2322 1453 2375 hirquis:

798 2383 847 2422 Et
867 2394 947 2434 quo,
963 2379 1033 2433 fid
1043 2381 1190 2431 faciles,
1210 2378 1386 2430 nymphae
1402 2378 1455 2416 ri-

91 2447 204 2499 lege,
251 2443 444 2482 Nutricem
480 2452 595 2494 puero
628 2438 748 2477 addu-
786 2439 872 2491 Jiere
887 2431 1039 2488 fimella.
1098 2436 1228 2487 Neque
1254 2434 1318 2473 has
1347 2432 1456 2485 respi-

93 2505 158 2541 cit.
215 2502 256 2539 B.

150 2569 174 2609 ς
214 2554 392 2608 Deierat]
428 2555 533 2594 Deos
561 2553 670 2592 iurat.
711 2559 751 2588 vt

800 2509 877 2535 cere
903 2494 1005 2532 Deos
1031 2492 1183 2546 opinor]
1221 2494 1269 2532 Et
1294 2488 1457 2529 inferio-

801 2564 862 2591 res
881 2547 977 2591 sunt,
995 2549 1132 2599 inquit,
1157 2561 1272 2598 quam
1296 2547 1337 2586 in
1363 2557 1457 2597 quac

94 2615 219 2665 (Aen.
238 2624 298 2657 vr,
321 2613 454 2664 351),
481 2609 614 2648 Maria
629 2608 753 2646 omnia
803 2607 870 2648 Dii
894 2604 1102 2644 vindicent.
1157 2604 1289 2656 Neque
1314 2602 1377 2641 bas
1404 2615 1460 2640 re-

97 2673 196 2708 iuro.
253 2672 330 2707 Aut
357 2665 466 2705 valde
498 2665 607 2705 iurat.
665 2662 754 2701 Bac·
794 2663 938 2716 spicere
954 2660 1070 2703 Deos]
1103 2663 1182 2701 Nec
1201 2668 1402 2699 merentur
1421 2667 1460 2695 vt

101 2725 176 2766 ebis
193 2723 352 2778 deierat]
379 2723 418 2764 Si
438 2730 630 2774 correpte,
648 2718 755 2761 Deie·
805 2719 892 2762 Diis
910 2729 1056 2768 poenas
1073 2715 1256 2763 referant,
1277 2715 1368 2766 quia
1387 2725 1461 2751 nee

916 2778 955 2816 A
964 2788 985 2813 a
1016 2784 1040 2827 ς
1348 2781 1463 2808 curae
