1875 3244
622 223 930 273 HECYRAE

1335 244 1430 293 337

203 357 348 416 Roga,
388 353 549 401 velitne
578 368 781 406 vxorem,
824 368 987 400 annon.
1043 348 1075 403 fi
1106 349 1188 410 est,
1228 366 1274 408 vt
1313 359 1424 410 dicat

300 428 410 477 velle
440 429 493 482 se,

200 504 374 553 Redde:
410 501 470 550 sm
495 500 554 551 est
574 514 716 550 autem
737 513 784 552 vt
803 503 935 557 nolit,
967 501 1087 551 reEle
1115 521 1199 568 ego
1229 510 1425 566 consului

299 596 434 626 meae.

94 652 163 719 ’45-
199 653 296 703 PH.
337 657 379 701 Si
403 653 578 716 quidem
600 653 672 699 ille
692 651 779 718 ipse
799 669 890 700 non
912 653 1018 714 volt,
1038 664 1082 702 et
1102 665 1151 703 tu
1172 657 1423 715 senfistieffe

298 731 342 775 in
366 745 433 781 eo,
459 729 703 790 Myrrhina.

198 808 447 853 Peccatum:
487 803 681 856 aderam,
722 805 845 852 cuius
875 801 1052 852 consilio
1087 822 1136 853 ea
1165 824 1246 874 par
1280 812 1422 865 fuerat

300 878 500 943 prospici.

204 953 505 1008 Quamobrem
536 953 746 1002 incendor
766 956 850 1008 ira,
881 951 964 1002 esse
995 955 1133 1003 ausam
1156 959 1295 1010 facere
1317 964 1424 1016 haec

296 1039 338 1074 te
360 1025 515 1074 iniussu
532 1045 630 1076 meo
646 1047 657 1084 ;

199 1103 444 1158 Interdico,
478 1120 535 1152 ne
556 1101 743 1153 extulisse
768 1114 884 1154 extra
902 1106 1016 1154 aedis
1036 1123 1228 1174 puerum
1249 1115 1424 1180 vsquam

296 1177 417 1228 velis.

117 1391 170 1434 ⁴3
200 1378 256 1418 Ro
256 1392 306 1434 ga
315 1379 456 1426 velitne,
475 1393 523 1420 an
532 1393 614 1430 non,
625 1395 716 1422 vxo-

64 1436 162 1489 rem]
194 1435 333 1484 Verba,
354 1435 493 1486 quibus
516 1450 602 1476 cum
614 1441 715 1478 Pam-

65 1491 176 1544 philo
196 1492 374 1542 loquatur
394 1488 518 1530 socer:
549 1492 635 1532 nefi
653 1496 716 1533 ali-

65 1556 126 1586 ter
143 1558 240 1600 agat,
270 1544 540 1597 respondeatur
560 1563 580 1586 a
598 1563 714 1602 gene-

62 1615 109 1643 ro
127 1602 276 1652 (socen
299 1615 341 1641 vt
352 1601 396 1654 fi
408 1617 464 1643 res
484 1617 643 1658 negetur,
664 1621 717 1645 re-

57 1657 215 1714 pudium
233 1657 341 1696 detur
354 1672 503 1712 genero.
532 1664 598 1705 Ζ.).
636 1663 683 1700 D.

120 1710 255 1753 Versus
276 1716 395 1766 gratia
422 1727 471 1753 ex
497 1714 633 1753 nostris
663 1714 714 1755 se-

62 1781 107 1810 re
124 1768 328 1817 omnibus,
361 1769 466 1826 Roga
495 1771 629 1810 velitne
650 1786 714 1812 tm·

61 1838 138 1866 non
158 1837 321 1863 vxorem.
378 1827 418 1864 B.

117 1893 172 1934 44
200 1880 306 1920 Rec'te
341 1881 504 1932 confidui
530 1887 641 1936 meae]
672 1883 715 1923 11-

62 1934 157 1980 1um,
180 1935 315 1986 inquit,
338 1938 457 1983 nolle,
479 1936 625 1991 signum
645 1941 716 1978 erit

63 2001 131 2029 me
149 1988 355 2041 prouidisse
376 1990 476 2031 filiae
543 1996 591 2036 D.

121 2048 164 2085 ln
195 2046 324 2084 nostris
355 2046 457 2086 deest
482 2048 578 2103 Ego,
608 2047 712 2090 versu

65 2100 299 2154 gratulante.
356 2106 394 2142 Β.

119 2166 170 2208 45
210 2155 393 2208 Siquidem
433 2157 490 2197 ille
529 2160 602 2212 ipfi
641 2174 715 2200 non

62 2210 161 2259 vult,
182 2224 215 2249 et
233 2224 274 2250 tu
283 2212 443 2267 sensisti]
465 2216 715 2256 Animaduer-

66 2265 248 2314 tendurn,
300 2269 627 2319 quemadmodum
675 2284 713 2308 o-

63 2323 190 2367 mnia,
241 2323 377 2372 quibus
420 2321 456 2362 se
489 2324 714 2365 defenderit

59 2375 287 2428 Myrrhina,
328 2379 367 2418 in
401 2380 537 2419 malam
571 2394 714 2432 partem

64 2433 202 2483 accipit
224 2433 455 2486 Phidippus:
484 2435 626 2474 ethinc
641 2451 715 2476 ma-

52 2488 125 2542 'gis
150 2485 312 2538 accusat,
356 2489 458 2530 vnde
483 2492 544 2530 illa
568 2489 605 2532 se
630 2506 714 2544 pur—

64 2553 143 2598 gat.
203 2546 249 2583 D.

119 2601 227 2651 Lege
247 2598 366 2647 Sensli
387 2598 436 2638 ob
457 2599 613 2642 versum.
644 2605 684 2642 Β.

10 2681 15 2702 ,
119 2658 173 2707 46
203 2656 312 2694 (fmus
330 2658 474 2711 consalio
494 2671 537 2697 ea
552 2669 622 2711 par
637 2660 712 2707 sice·

10 2724 11 2741 2
65 2718 128 2749 nt
140 2710 321 2765 prospici]
349 2715 437 2752 Non
456 2712 570 2764 dixit,
605 2715 713 2755 euius

115 2763 195 2809 Ter.
208 2769 247 2808 C.
266 2768 308 2808 P.
320 2769 371 2808 11.

1339 1268 1435 1320 Sed

766 1381 922 1422 consilio
938 1383 1139 1436 repudium
1150 1385 1306 1427 daretur
1315 1391 1422 1430 Pam.

766 1438 888 1490 philo.
906 1440 958 1478 ita
976 1439 1023 1478 ad
1045 1439 1191 1481 bonum
1204 1445 1332 1484 omnia
1342 1448 1422 1487 exi-

766 1505 845 1533 tum
866 1492 1042 1546 speetant.
1099 1499 1147 1537 D.
1264 1528 1270 1537 .

821 1549 959 1590 Versus
995 1553 1113 1603 gratia
1152 1566 1240 1594 cum
1283 1557 1428 1598 nostris'

765 1604 877 1644 codd.
908 1619 1078 1658 repone,
1119 1608 1235 1648 Cuius
1270 1613 1418 1661 confilio

757 1660 890 1715 ficerat
908 1675 950 1700 ea
965 1675 1038 1712 par
1051 1664 1226 1716 prospici.
1283 1670 1325 1708 B.

818 1728 872 1769 47
902 1716 978 1769 [ψ
993 1718 1118 1768 ausam
1127 1723 1257 1771 jizcere
1276 1721 1363 1763 haec
1380 1738 1419 1766 te

762 1771 896 1824 iniuJJis
931 1774 1026 1822 meo]
1054 1775 1263 1816 Abducere
1289 1778 1419 1832 filiam,

763 1828 890 1866 celare
908 1841 1070 1880 partum,
1106 1844 1306 1882 exponere
1325 1849 1419 1886 pue-

764 1897 861 1923 rum.
919 1886 968 1924 D.

820 1940 948 1979 Lefiio
970 1942 1143 1980 omnium
1163 1943 1349 1997 coddqni
1369 1948 1420 1988 Te

764 2006 915 2046 ponunt
935 2007 1025 2036 ante
1037 1997 1122 2046 Effe,
1141 1999 1339 2050 probanda
1350 2002 1417 2053 est,

763 2048 826 2090 sed
847 2051 974 2090 deleto
998 2055 1042 2096 τῷ
1060 2052 1148 2107 Effi'·
1206 2058 1245 2095 Β.

815 2114 866 2158 48
903 2108 1103 2162 Interdico]
1155 2113 1261 2150 lnter
1298 2113 1414 2154 Edico

764 2172 803 2201 et
826 2163 1006 2201 Interdico
1030 2163 1102 2203 hoe
1124 2166 1296 2205 interest:
1325 2169 1416 2209 Edi-

764 2220 891 2263 cimus,
912 2219 1018 2269 quod
1040 2221 1215 2259 iubemus
1234 2222 1333 2264 fieri:
1357 2227 1418 2266 In-

763 2273 981 2320 terdicimm,
1003 2277 1106 2324 qnod
1131 2289 1301 2317 vetamus
1319 2280 1416 2325 fieri.

763 2328 946 2369 Edicimus
967 2331 1082 2369 etiam
1105 2333 1166 2369 vni
1189 2337 1326 2385 generi
1347 2337 1416 2377 ho-

765 2384 934 2423 minum:
985 2387 1261 2438 Interdicimm,
1289 2392 1418 2434 diuer-

764 2438 818 2478 fis.
876 2444 1010 2490 ltaque
1033 2441 1222 2484 Praetoris
1241 2447 1356 2487 ediaa
1375 2461 1418 2491 et

765 2494 957 2534 interdieta
976 2496 1165 2536 dicuntur.
1219 2500 1417 2554 Interdico.

764 2547 960 2601 separatim
972 2550 1177 2593 dicendum
1190 2555 1419 2611 legendum·

764 2619 859 2656 que.-
899 2606 986 2656 quia
1021 2609 1201 2649 Interdico
1235 2627 1277 2653 ne
1309 2618 1412 2667 velit,

765 2674 846 2699 non
867 2661 920 2701 est
940 2663 1150 2717 integrum.
1210 2669 1414 2722 Interdico,

760 2730 805 2758 ne
823 2717 987 2770 extulisse
1007 2733 1115 2760 extra
1134 2723 1252 2775 aedes]
1282 2728 1325 2766 ld
1336 2731 1416 2782 agi-

895 2775 928 2817 Υ
1342 2795 1419 2836 tur,
