1875 3292
405 203 469 273 42

809 208 965 256 ACT.
997 206 1052 253 11.
1100 205 1298 257 SCEN.
1329 207 1361 253 1.

542 334 575 387 S
593 352 640 385 Α.
682 339 806 384 Leno
832 338 939 390 sum,
974 335 1126 389 fateor,
1160 336 1377 400 pernicies
1406 329 1652 382 eommunis
1676 333 1775 384 ado·

642 414 906 465 lescentium,

447 508 471 557 3
485 509 509 554 5
545 487 898 551 Periuru:÷.pestis
913 506 919 513 ·
934 498 1077 534 tamen
1090 485 1170 534 tibi
1181 503 1204 532 a
1215 502 1287 532 me
1298 485 1417 533 nulla
1427 497 1521 534 orta
1534 484 1591 532 est
1603 488 1775 544 iniuria.

540 565 588 616 A
603 578 648 613 Ε.
689 569 809 613 Nam
830 564 976 612 hercle
995 565 1124 611 etiam
1145 563 1231 609 hoc
1252 560 1392 609 restat.
1419 560 1510 609 SA.
1538 562 1638 611 illuc
1651 578 1779 626 quae-

641 642 684 689 so
705 642 814 694 redi,
837 658 926 704 quo
950 638 1141 705 coepisti,
1166 638 1392 685 Aeschine.

540 713 637 767 ΑΕ.
666 719 812 764 .Minis
844 717 999 777 viginti
1029 709 1077 763 tu
1109 715 1228 762 illam
1259 712 1419 768 emisti,
1453 730 1563 778 quae
1592 730 1660 761 res
1695 714 1774 761 tibi

638 805 781 842 vortat
807 793 933 840 male.

542 873 730 931 Argenti
751 881 922 916 tantum
945 867 1025 914 tibi
1045 865 1231 914 dabitur.
1271 863 1303 915 S
1322 879 1371 914 Α.
1408 865 1528 931 quid,
1548 863 1577 912 fi
1599 882 1682 927 ego
1696 865 1776 913 tibi

637 945 755 992 illam
783 945 889 992 nolo
913 942 1132 992 vendere?

405 1149 523 1204 quid]
543 1147 812 1195 Subaudiatur,
823 1147 939 1186 dicas.
965 1145 1068 1187 Vah!

405 1209 484 1246 leno
511 1208 640 1258 iniqua
665 1218 718 1243 me
737 1217 811 1242 non
837 1203 917 1243 vult
944 1201 1066 1256 loqut]

406 1266 561 1303 Nomen
576 1259 816 1314 sacrilegum,
833 1259 1069 1300 etiniustum

405 1320 515 1367 Leno,
546 1317 792 1369 iniquitatem
811 1312 944 1370 agitat,
969 1314 1070 1354 iusti-

407 1377 485 1415 tiae
530 1374 804 1426 patrocinatur.
876 1375 965 1413 Hoc
1013 1381 1070 1410 to·

406 1444 487 1472 tum
516 1433 698 1477 εῖρωνεικῶς
723 1427 1069 1482 pronunciandum

409 1488 475 1528 est.
532 1490 581 1527 D.

465 1545 566 1584 Leno
595 1537 746 1596 iniqua]
775 1540 872 1581 Satis
902 1539 1071 1579 ostendit

408 1615 524 1653 quam
548 1600 703 1650 iniquus
726 1596 805 1649 ipse
825 1596 877 1646 sit,
909 1610 995 1636 curn
1015 1595 1071 1635 di-

407 1658 520 1704 xerit,
541 1657 638 1696 Leno
651 1654 752 1704 finn,
771 1653 915 1704 fhteor.
973 1653 1071 1692 Sen-

406 1711 465 1753 sus
487 1711 568 1751 est:
598 1715 690 1751 Sum
713 1709 873 1760 quidem
896 1707 1001 1759 quod
1015 1707 1071 1746 di-

408 1771 481 1816 εἰς,
512 1768 627 1807 etiam
655 1765 759 1817 quod
780 1767 956 1816 pernicies
977 1778 1070 1803 com-

408 1827 531 1865 mum'5
542 1822 821 1874 adolescentum,
837 1821 950 1861 etiam
962 1819 1069 1871 quod

404 1884 609 1935 periurus:
649 1878 750 1918 nulla
788 1891 909 1917 tamen
948 1875 1020 1916 n'bi
1047 1891 1069 1916 a

406 1939 579 1990 mesaila
602 1936 646 1988 est
665 1937 820 1976 iniuria.
875 1937 919 1974 E.

465 2008 518 2048 34
555 1995 652 2033 Leno
673 1991 782 2045 sum]
822 1991 963 2044 Figura
991 2005 1071 2037 cuns-

406 2050 569 2104 καῖρῆὸίς.
632 2050 681 2087 D.

466 2107 600 2146 Noster
650 2103 803 2143 videtur
845 2099 1070 2141 transtulifl‘e

406 2163 533 2203 versus
546 2161 714 2214 Diphili:
745 2158 807 2201 ὄυκ
830 2157 893 2197 ἔςιν
914 2160 971 2197 ις’ὀέ
992 2176 1070 2204 τεχ-

405 2239 468 2258 νιον
488 2225 667 2266 §gazis-seon
687 2219 737 2258 Τᾶ
756 2213 972 2262 πορνοβόσκυ.
1004 2218 1069 2255 W.

461 2274 614 2330 35‘F1st
647 2287 733 2312 orta
770 2275 925 2317 iniuria]
959 2273 1068 2320 Orta,

407 2344 562 2383 coepta,
623 2333 670 2371 D.

461 2392 519 2428 Ne
543 2389 638 2427 Orta
660 2387 699 2425 in
720 2384 838 2425 Thefi
861 2381 1069 2436 delitescat,

405 2448 506 2484 rech:
536 2445 613 2482 duo
644 2456 692 2482 ex
713 2441 941 2489 vetrum-is,
974 2440 1070 2480 Nul-

405 2501 482 2553 Ia'st
503 2501 586 2538 cirta
608 2502 760 2538 imuria.
820 2502 858 2538 13.

463 2559 514 2608 36
551 2555 662 2598 Illuc,
705 2555 859 2607 quaest),
894 2553 974 2592 redi
999 2565 1070 2605 quo

405 2612 562 2664 coeptsti,
579 2610 770 2660 Aefihine]
802 2613 995 2659 l·'iff‚nrate.
1015 2622 1071 2648 re-

407 2671 509 2708 &nm
533 2669 639 2707 enim
661 2680 763 2712 erat,
798 2668 896 2705 Vnde
914 2665 1069 2718 coeptsti.

407 2725 477 2767 nisi
518 2724 616 2765 forte
643 2722 728 2780 Qo
771 2736 991 2776 pronomen
1018 2721 1071 2762 est

1631 1020 1774 1081 Coges

1115 1144 1234 1186 modo
1266 1142 1557 1196 accipiendum:
1593 1154 1630 1183 vt
1659 1142 1720 1193 fit,
1754 1156 1777 1183 a

1117 1215 1202 1255 quo.
1256 1205 1305 1242 Et
1322 1200 1429 1240 bene
1447 1214 1599 1240 memor
1620 1199 1694 1245 est,
1721 1199 1782 1239 di·

1116 1256 1213 1297 xiffe
1243 1255 1503 1306 Aeschinum,
1534 1257 1675 1296 Omitte
1694 1255 1775 1308 ista,

1116 1328 1226 1368 atque
1244 1314 1293 1354 ad
1309 1328 1383 1353 rem
1413 1314 1504 1353 redi.
1560 1316 1610 1354 D.

1174 1383 1229 1425 37
1257 1369 1368 1422 Quae
1385 1384 1442 1410 res
1462 1368 1534 1409 tibi
1552 1382 1682 1409 vortat
1702 1382 1778 1408 ma.

1117 1425 1164 1474 le]
1196 1426 1341 1468 Adiicit
1353 1427 1644 1471 contumeliam,
1672 1424 1777 1476 quast

1120 1495 1160 1523 et
1179 1483 1254 1522 hcc
1274 1483 1436 1522 multum
1456 1482 1496 1522 fit
1516 1483 1778 1523 etinimicum.

1124 1541 1348 1579 Vertumnus
1367 1539 1623 1584 dicitur-deus,
1644 1540 1708 1589 qui
1723 1551 1779 1577 re-

1120 1595 1194 1634 bus
1227 1596 1273 1634 ad
1305 1597 1463 1648 opinata
1493 1594 1779 1634 reuertentibus

1095 1697 1099 1701 ⁴
1120 1652 1188 1703 (ad
1204 1649 1453 1704 inopinatas}
1474 1651 1701 1690 vertentibus
1720 1651 1780 1701 Z.)

1120 1707 1281 1761 praeest.
1346 1709 1472 1762 Saepe
1511 1720 1639 1747 autem
1677 1708 1778 1746 male

1120 1764 1243 1810 cedit,
1285 1763 1391 1814 quod
1423 1763 1572 1802 bonum
1598 1774 1777 1815 putatur:

1119 1831 1159 1860 et
1181 1819 1253 1857 hoc
1272 1819 1324 1858 est
1344 1820 1437 1859 male
1456 1821 1616 1872 vertisse,
1649 1830 1687 1857 vt
1710 1820 1779 1858 ille

1120 1875 1269 1930 gladius
1289 1877 1354 1927 qui
1374 1877 1526 1915 muneri
1555 1876 1682 1924 datus,
1714 1875 1780 1916 ad-

1119 1933 1352 1972 miniculum
1379 1931 1452 1971 fuit
1479 1934 1640 1986 reginae
1670 1945 1781 1984 pere-

1121 1990 1218 2028 unti.
1254 1989 1305 2028 de
1325 2002 1403 2040 quo
1424 1990 1534 2042 Virg.
1567 1991 1686 2040 (Aen.
1714 2001 1778 2034 lv,

1120 2047 1248 2096 646.)
1294 2069 1349 2077 —-
1398 2045 1583 2099 ensemque
1634 2045 1777 2096 reclusit

1121 2102 1374 2148 Dardanium,
1397 2116 1473 2141 non
1493 2102 1559 2140 hos
1578 2101 1777 2155 quaqst'tum

1119 2171 1247 2198 munus
1273 2162 1312 2196 in
1332 2157 1428 2208 vfics.
1484 2161 1533 2199 D.

1176 2221 1225 2266 38
1257 2215 1388 2270 Qid?
1416 2212 1460 2266 fi
1481 2228 1544 2268 ego
1580 2211 1650 2252 tiln'
1677 2212 1777 2251 illam

1121 2271 1207 2309 nolo
1236 2271 1443 2325 vendam]
1484 2274 1591 2311 Haec
1622 2270 1777 2308 maioris

1120 2325 1203 2366 sunt
1225 2326 1427 2366 stomachi:
1458 2338 1496 2365 et
1523 2326 1614 2364 ideo
1638 2325 1779 2364 stultio-

1122 2397 1172 2423 ra.
1241 2386 1338 2422 Nam
1383 2382 1487 2434 quod
1536 2384 1610 2420 iam
1647 2381 1777 2430 amifir,

1122 2438 1371 2479 venditurum
1419 2437 1454 2479 se
1498 2449 1629 2491 negat.
1712 2442 1774 2486 Er,

1121 2494 1409 2548 Qud?fi'n010‚
1430 2507 1533 2534 noue
1553 2495 1695 2534 dissum
1713 2493 1777 2541 est,

1504 2552 1638 2606 Qud?
1656 2550 1698 2600 fi
1711 2563 1777 2604 ego

1119 2607 1188 2648 tibi
1221 2606 1316 2646 illam
1349 2610 1431 2646 nolo
1461 2610 1639 2647 vendere?
1676 2620 1778 2659 coges

1120 2664 1224 2717 me?]
1257 2664 1382 2702 Potest
1402 2676 1530 2703 antem
1552 2664 1639 2710 dici,
1669 2662 1781 2717 Qud

1110 2724 1153 2775 Jz'
1166 2722 1260 2774 nolo,
1285 2733 1387 2780 coges
1405 2725 1490 2761 me?
1545 2722 1592 2761 D.

1665 2774 1778 2818 Rene

1123 2564 1162 2591 et
1191 2555 1238 2588 τι]
1261 2555 1445 2595 tama-10:203.
