1875 3292
408 234 507 284 334

539 351 624 401 Sed
647 362 692 399 vt
712 350 818 398 olim
837 362 880 416 te
902 347 1134 405 ostendisti,
1156 351 1308 398 eadem
1329 347 1436 404 effe,
1469 349 1581 398 nihil
1607 347 1777 399 cessaui-

636 428 685 475 sti
709 428 838 490 vsque
857 426 1015 478 adhuc,

444 490 504 569 36
540 509 600 553 Vt
627 502 764 551 filiam
794 504 844 550 ab
870 520 923 549 eo
947 503 1212 559 abducere33
1247 520 1359 557 neu,
1395 502 1516 567 quod
1550 519 1635 563 ego
1672 502 1777 564 egis·
1846 510 1869 586 d*

637 580 738 633 sem,
763 576 865 626 esset
883 589 1048 626 ratum:

535 656 589 704 Id
606 674 731 704 nunc
750 673 829 720 resa
839 655 1052 703 indicium
1074 656 1180 702 haec
1201 655 1315 709 facit,
1338 672 1428 720 quo
1454 652 1587 722 paao
1609 652 1776 702 faffium

636 733 842 781 volueris.

531 806 588 858 M
603 823 648 856 Y.
686 802 857 856 Adeon’
878 825 950 856 me
975 804 1058 855 effe
1078 808 1354 874 peruicacem
1385 807 1555 861 censes,
1594 809 1665 855 cui
1687 825 1776 855 ma·

633 898 700 933 ter
728 884 845 938 fiem,

533 966 597 1011 Vt
627 979 680 1009 eo
702 958 831 1008 essem
855 963 1025 1015 animo,
1060 959 1091 1008 fi
1112 977 1164 1008 ex
1184 959 1258 1010 vsu
1280 956 1382 1008 effet
1401 957 1551 1009 nostro
1575 959 1662 1009 hoc
1683 976 1773 1008 rna·
1826 977 1835 986 ·

632 1039 893 1085 trimonium
904 1037 925 1083 ?

394 1260 602 1307 dentibus23
634 1262 695 1301 vel
713 1261 816 1302 Nam
834 1260 874 1300 id
891 1260 1057 1301 6mnibu5

394 1321 588 1360 innatum„
618 1331 659 1357 at
690 1329 762 1358 etc,
798 1329 838 1357 vt
866 1318 1056 1358 lambiens

394 1374 437 1413 fit
455 1388 541 1414 cum
561 1371 828 1426 sequentibus.
889 1378 940 1414 At
968 1388 1055 1414 cum

392 1431 512 1472 nostri
533 1430 722 1480 habeant,
749 1429 886 1472 Aderit
905 1443 1056 1484 tempus,

392 1501 496 1535 cum3
534 1487 635 1527 forte
663 1487 712 1527 fic
744 1489 822 1543 leg.
861 1499 900 1528 et
928 1486 1058 1528 distin..

393 1543 598 1598 guendum
611 1575 620 1593 ‚
669 1546 802 1585 Verum
849 1546 889 1585 id
921 1547 1054 1585 vitium

391 1614 578 1654 nunquam
605 1601 751 1641 decreut
771 1601 832 1654 ‘ff’
850 1615 937 1657 ego:
968 1603 1053 1641 ado-

391 1656 580 1708 lescentiae
605 1660 612 1711 Ι
640 1659 816 1698 Innatum
837 1660 906 1710 est:
931 1672 971 1698 at
996 1659 1058 1711 pol

391 1716 467 1752 iam
487 1715 610 1753 aderit
627 1727 777 1765 tempus,
785 1714 830 1764 fi
849 1727 988 1768 quoque
1007 1727 1056 1753 et·

391 1773 464 1809 iam
486 1783 566 1809 cum
585 1771 718 1809 oderit.
776 1775 818 1811 Β.

445 1838 499 1878 29
529 1827 600 1867 Sed
621 1840 663 1866 vt
684 1826 772 1866 olim
793 1839 827 1865 te
853 1824 1052 1880 ostendisti]

391 1884 525 1935 Quum
551 1881 746 1934 superiora
757 1882 856 1922 dffia
876 1881 974 1922 sunt.
1003 1885 1053 1923 D.

447 1942 509 1979 Ne
525 1941 670 1988 Eadem,
690 1939 794 1990 quod
805 1950 966 1978 accentu
980 1940 1056 1979 eri-

391 1996 433 2050 gi
453 1995 582 2045 debet,
605 1998 645 2035 in
664 1996 780 2036 Thefi
801 1996 1051 2047 deprimatur,

387 2053 465 2106 leg.
488 2065 535 2092 ex
555 2052 648 2093 Edd.
669 2064 757 2093 vett.
778 2065 818 2093 et
834 2065 910 2091 vno
937 2065 961 2091 e
985 2065 1051 2092 no-

389 2108 483 2155 stris,
502 2109 583 2157 Sed,
618 2123 661 2149 vt
685 2111 772 2148 6lim
793 2122 828 2148 te
849 2108 1044 2160 ostendisti,

387 2165 448 2204 nil
476 2165 650 2218 ccffzussti
687 2167 809 2206 &adem
842 2165 905 2219 effi·
941 2167 1050 2219 vJQue

387 2222 517 2262 adhuc.
577 2224 619 2262 B.

440 2292 494 2330 30
524 2280 576 2319 Vt
586 2278 708 2331 filiam
727 2277 772 2318 ab
785 2293 824 2318 eo
836 2278 1047 2333 abduceres]

385 2334 675 2375 Vehementius
694 2335 806 2385 dixit,
825 2350 938 2387 quam
957 2335 1045 2374 fidi-

385 2403 513 2440 ceret,
545 2396 598 2434 Vt
636 2392 751 2432 filiam
779 2394 815 2431 ei
847 2406 927 2432 non
957 2391 1045 2430 red-

385 2447 513 2487 detes,
578 2449 640 2487 Ne
667 2449 767 2502 quod
797 2463 864 2502 ego
893 2449 1042 2504 egissem,

384 2504 466 2554 csjet
486 2505 630 2559 ratum]
663 2505 780 2555 Quod
802 2505 848 2545 ab
862 2518 910 2544 eo
928 2505 1045 2544 abdu

385 2562 451 2607 cis,
470 2575 549 2600 nun
572 2561 677 2600 bona
698 2562 854 2611 [bct-us:
885 2562 987 2614 quud
1007 2560 1042 2599 Η-

382 2616 497 2662 liam,
530 2631 607 2655 non
639 2617 743 2656 bona
761 2631 901 2657 mater:
935 2616 1042 2671 quod

384 2673 489 2711 irrita
511 2672 604 2711 sacis
624 2687 726 2725 quae
744 2675 849 2726 geffi,
871 2689 951 2716 non
972 2675 1042 2715 bo·

385 2742 434 2767 na
454 2742 552 2771 vxor
568 2742 622 2779 es,
646 2731 788 2781 inquit.
842 2732 892 2774 D.

815 221 977 269 ACT.
1009 209 1092 268 1v2'
1130 221 1322 269 SCEN.
1352 223 1384 269 1.

1678 1110 1771 1162 PH.

1159 1271 1211 1314 31
1243 1259 1358 1300 Nunc
1377 1270 1435 1298 res
1455 1257 1767 1312 indicium-facit]

1105 1317 1191 1356 Hoc
1209 1316 1274 1363 est,
1300 1315 1404 1367 quod
1420 1314 1765 1367 celauistipartum.

1104 1374 1152 1413 Id
1172 1386 1267 1412 nunc
1287 1370 1358 1418 νος]
1391 1370 1508 1423 Quasi
1520 1371 1670 1419 dixerit,
1695 1371 1770 1412 Vn-

1106 1431 1149 1470 de
1161 1430 1258 1481 fiio.
1315 1429 1400 1483 Qaeo
1417 1429 1684 1481 pac'losckilum
1702 1442 1766 1467 vo-

1106 1487 1234 1540 lueris]
1261 1490 1353 1528 Non
1382 1483 1507 1524 solum
1533 1484 1640 1536 quod
1661 1484 1765 1533 fecit,

1106 1541 1169 1583 sed
1192 1544 1308 1583 etiam
1330 1541 1435 1595 quod
1454 1541 1588 1587 voluit,
1617 1542 1763 1581 obiicit.

1102 1601 1188 1652 Quo
1205 1598 1666 1653 padiosifflumssvolueris]
1684 1601 1763 1639 De·

1104 1659 1170 1705 est,
1191 1657 1306 1696 Ft'eri.
1365 1657 1414 1696 D.

1159 1747 1212 1787 32
1244 1734 1493 1787 peruicacem]
1523 1735 1597 1772 Per
1623 1733 1699 1771 v1m
1725 1744 1761 1772 a*-

1104 1801 1289 1844 gentem,
1321 1787 1577 1841 perniciosam
1600 1802 1665 1828 me
1683 1787 1761 1828 effe

1104 1844 1263 1892 censes?
1323 1847 1414 1900 Cui]
1444 1845 1563 1886 Deest
1589 1845 1657 1894 Ei,
1699 1846 1761 1884 vel

1105 1905 1220 1944 Circa
1255 1917 1343 1942 eam.
1411 1903 1480 1943 Cui
1509 1916 1626 1941 mazer
1646 1901 1758 1956 stem]

1102 1958 1240 2001 Rursus
1268 1974 1289 1998 a
1316 1958 1530 2000 verifimili:
1560 1972 1609 1998 an
1636 1969 1760 1999 mater

1100 2028 1232 2056 contra
1251 2015 1371 2056 filiam
1390 2015 1515 2056 facim.
1577 2018 1624 2056 D.

1155 2101 1205 2143 33
1230 2090 1282 2130 -Si
1308 2104 1354 2129 ex
1373 2088 1439 2140 zfit
1458 2088 1540 2140 effit
1557 2087 1677 2140 nostro
1688 2087 1757 2127 hoc

1097 2147 1425 2201 matrimonimnss
1447 2146 1599 2186 Callicle
1620 2146 1760 2186 mulier

1099 2216 1149 2244 ex
1168 2202 1225 2242 his
1246 2217 1347 2254 quae
1367 2203 1465 2242 dixit
1484 2199 1601 2242 senex
1623 2200 1759 2241 defen-

1096 2260 1246 2301 fioncm
1280 2260 1424 2309 arripit.
1483 2262 1579 2300 Nam
1615 2258 1681 2296 ille
1707 2256 1755 2296 fic

1098 2318 1162 2362 air.
1183 2316 1365 2368 Negabns
1386 2312 1494 2368 pofl'e
1511 2314 1626 2353 filiam
1648 2324 1757 2353 tuam

1097 2385 1135 2413 te
1154 2375 1230 2423 pati
1253 2387 1340 2411 cum
1353 2386 1413 2419 eo,
1432 2372 1495 2423 qui
1512 2371 1754 2411 meren-icem
1822 2412 1825 2422 ¹

1097 2440 1260 2478 amaret,
1292 2431 1356 2480 qui
1379 2429 1623 2481 pernofflaret
1649 2425 1752 2465 foris.

1095 2486 1159 2525 Ex
1177 2486 1242 2537 vsu
1261 2484 1398 2535 nostro]
1431 2483 1564 2531 Mod0‚
1585 2484 1695 2522 vtile:
1725 2480 1751 2520 fi

1093 2556 1164 2595 pro
1183 2541 1309 2581 nostra
1328 2539 1423 2581 effet
1442 2541 1609 2579 vtilitate.
1641 2540 1692 2578 D.

1150 2618 1210 2656 Ne
1234 2614 1305 2665 lssz
1324 2615 1363 2653 in
1385 2611 1502 2653 'l'hefi
1524 2600 1752 2655 occultetur,

1095 2684 1264 2724 repone,
1300 2671 1344 2710 Si
1372 2669 1453 2723 fft
1480 2666 1598 2722 nostro
1617 2680 1663 2705 ex
1680 2667 1749 2717 vsu
1816 2683 1818 2687 ¹

1093 2730 1158 2769 hoc
1178 2744 1225 2768 m.
1282 2733 1323 2768 B.

1832 1845 1839 2023 ἒ

1828 2025 1834 2142 ³!

1827 2195 1830 2217 .

1826 2230 1828 2259 .
