1875 3292
342 227 436 276 ¹90

735 213 894 259 ACT.
928 213 988 258 V.
1020 213 1225 260 SCEN.
1258 214 1312 260 V.

408 335 718 394 ACTVS
790 334 1508 397 QVINTI‘SCENA
1574 339 1640 392 V.

772 426 979 467 SYRvs.
1042 426 1280 467 DEMEAf

469 561 574 678 H
593 586 616 614 E
638 585 668 616 v
688 560 743 618 s!
788 570 982 620 Demea,
1023 574 1151 628 rogat
1180 564 1312 612 frater
1352 580 1408 612 ne
1454 563 1578 613 abeas
1613 564 1717 614 lon-

666 693 669 697 )
711 644 824 705 gius.

469 719 568 772 DE.
608 721 722 776 Quis
743 719 913 767 homo?
952 736 982 766 ο
1001 722 1111 784 Syre
1135 715 1295 770 noster,
1335 715 1472 766 salue·-
1507 718 1613 783 quid
1636 715 1718 765 fit?

571 797 680 861 quid
709 796 884 858 agitur?

472 871 565 924 Sv.
605 870 756 919 Reele.
797 869 898 918 De.
941 865 1189 938 optume'st.
1214 871 1322 931 ¹iam
1343 885 1464 920 nunc
1497 868 1604 918 haec
1634 871 1718 917 tria

572 951 771 1015 primum
795 946 941 994 addidi

471 1028 649 1075 Praeter
671 1035 895 1077 naturam,
936 1039 964 1069 o
1006 1040 1039 1067 N
1062 1039 1089 1067 o
1111 1040 1129 1068 s
1152 1040 1184 1067 T
1207 1040 1308 1075 ER,
1351 1039 1515 1076 Qvn’
1557 1039 1578 1068 r
1604 1039 1622 1067 1
1644 1019 1718 1072 T?

581 1119 746 1155 Qv1n
793 1099 1104 1149 AGrTvrt?

416 1197 443 1244 5
479 1181 670 1227 Seruum
689 1176 796 1224 haut
816 1174 1068 1224 illiberalem
1091 1174 1274 1241 praebes
1296 1184 1363 1234 te;
1409 1184 1452 1222 et
1473 1173 1554 1221 tibi

390 1395 417 1427 v1
449 1379 578 1424 Heus!
605 1379 762 1426 Demea,
789 1391 901 1435 rogat
909 1377 1002 1431 fra-

340 1453 415 1489 ter,
442 1452 486 1480 ne
525 1437 635 1478 abeas
662 1436 825 1492 longius]
862 1437 937 1476 Hic
961 1449 1001 1475 o-

338 1497 482 1539 stendit
508 1498 649 1542 Poeta,
691 1507 809 1545 quarn
841 1489 1003 1532 absurde

338 1553 507 1594 blandus
528 1563 690 1591 conetur
706 1547 806 1598 effe,
834 1549 900 1600 qui
920 1561 1002 1590 nou

336 1608 487 1650 solean·
517 1619 557 1648 et
582 1620 696 1659 quam
725 1605 932 1645 immodica
959 1603 1004 1644 fit

338 1665 548 1718 repentina
568 1664 734 1715 largitas,
769 1662 832 1699 vbi
850 1662 1001 1699 animus

337 1736 362 1762 a
389 1721 570 1774 parcitate
600 1719 721 1756 nimia
751 1718 789 1754 in
817 1718 1001 1754 contrari-

337 1791 407 1817 um
430 1777 562 1816 vitium
581 1772 808 1826 prosulionis
828 1784 1001 1810 excurre-

340 1836 398 1874 rit.
461 1833 585 1875 Heus!
617 1829 768 1876 Demea,
786 1842 829 1867 ro
831 1841 900 1883 gat
911 1827 1002 1878 fia—

337 1904 408 1937 ter,
426 1902 470 1929 ne
489 1886 596 1928 abeas
614 1884 776 1941 longius]
808 1887 862 1923 Vt
881 1898 1002 1936 appa-

336 1957 422 1996 ret,
457 1946 533 1984 iam
565 1942 777 1982 edormiuit
805 1942 1000 1993 crapulam

336 2005 469 2056 Syrus.
502 2012 541 2040 et
568 1997 652 2039 satis
681 1997 877 2036 moraliter
903 1996 1002 2035 dixit

336 2059 382 2100 F,
395 2073 493 2100 ater:
513 2069 585 2097 nec
605 2053 870 2094 addidit'l'uus.
912 2054 1000 2092 Fra-

336 2117 415 2170 ter]
461 2112 679 2157 Mor-aliter.
750 2113 852 2184 Nam
891 2108 998 2149 deest

342 2173 456 2213 Tuus.
513 2172 564 2213 D.

389 2297 416 2325 2
450 2283 485 2323 Ο
500 2280 595 2332 Syre
613 2278 743 2332 noster,
762 2277 892 2331 fizlue:
911 2278 1001 2331 quid

328 2338 440 2394 fit‘3]
482 2342 561 2378 lam
593 2351 676 2376 non
705 2336 800 2374 haec
837 2333 995 2382 blanda,

336 2396 401 2435 sed
420 2398 516 2434 dura
536 2392 633 2432 sunt.
694 2395 793 2433 Nam
816 2392 924 2430 Salue
943 2391 998 2429 di·

335 2455 392 2492 xit
413 2454 469 2499 ei,
501 2464 581 2490 non
603 2448 724 2488 solum
744 2459 860 2499 quem
883 2444 998 2499 saepe

335 2508 496 2555 viderit,
528 2504 592 2545 sed
611 2518 697 2544 cum
721 2518 799 2554 quo
823 2504 935 2542 toties
954 2504 996 2542 li-

336 2564 532 2618 tigauerit.
589 2559 784 2618 Qidfit?
812 2560 997 2614 quidagi—

335 2619 459 2673 tun-⁹]
490 2622 704 2671 Interroga(
716 2629 754 2656 et
767 2629 888 2668 quum
901 2613 996 2663 sciat,

334 2688 377 2718 et
416 2688 536 2728 quum
570 2673 731 2712 damnet
765 2672 869 2711 aestus
903 2673 995 2711 eius.

391 2747 413 2786 3
444 2732 568 2772 Rec‘te]
601 2732 709 2768 Bene
730 2726 996 2779 responditre-

333 2789 408 2830 6⁴2.-
438 2787 511 2827 hae
539 2786 646 2827 enim
667 2784 995 2837 interrogationes

1533 1249 1714 1298 Lubens

1051 1377 1103 1418 de
1136 1372 1253 1417 salute
1287 1386 1406 1428 atque
1441 1374 1714 1415 incolumitate

1051 1435 1133 1475 eius
1175 1430 1280 1482 sunt,
1328 1432 1395 1484 qui
1433 1431 1712 1485 interrogatur.

1050 1491 1157 1531 Haec
1173 1492 1268 1542 tria]
1297 1486 1415 1530 Deest
1434 1488 1563 1527 Verba.
1599 1489 1655 1530 D.

1107 1548 1188 1587 Iam
1218 1558 1315 1585 nunc
1341 1545 1424 1584 haec
1454 1547 1532 1584 tria
1550 1546 1714 1597 primum

1051 1603 1177 1643 addidi
1206 1615 1360 1655 praeter
1394 1600 1590 1655 naturam]
1637 1603 1714 1641 Ex-

1051 1660 1180 1712 preffit
1198 1671 1337 1703 moros,
1367 1670 1451 1696 non
1475 1658 1710 1696 voluntates.

1050 1716 1129 1755 Sed
1150 1711 1324 1765 expreffe
1343 1711 1569 1759 bonitatem,
1592 1725 1714 1764 quan·

1051 1772 1102 1809 do
1133 1768 1285 1821 etquid
1311 1768 1471 1816 dixerit,
1503 1780 1709 1818 memorat,

1052 1839 1090 1866 et
1108 1826 1158 1867 de
1177 1824 1215 1865 se
1235 1825 1327 1876 quid
1350 1824 1514 1873 dixerit,
1545 1825 1708 1874 indicat,

1052 1883 1147 1935 quid
1178 1881 1280 1921 forte
1306 1893 1443 1920 verum
1471 1879 1515 1920 fit
1539 1882 1715 1930 (indicat-

1051 1952 1119 1993 que
1147 1939 1250 1993 quod
1278 1938 1322 1977 id
1344 1950 1472 1978 reuera
1496 1949 1626 1978 verum
1642 1935 1712 1988 fit.

1048 1998 1126 2048 Z.).
1182 1999 1225 2036 E.

1101 2067 1128 2106 4
1167 2053 1247 2092 Iam
1282 2064 1377 2090 nunc
1407 2049 1494 2090 haec
1524 2051 1600 2091 tria
1632 2052 1711 2103 pri-

1047 2123 1144 2148 mum
1181 2108 1309 2148 addidi
1334 2119 1487 2160 praeter
1522 2118 1710 2152 naturam,

1048 2179 1070 2204 0
1090 2164 1217 2217 noster,
1231 2164 1322 2217 quid
1329 2161 1407 2213 fit?
1425 2163 1517 2216 quid
1525 2163 1709 2219 agitur3]

1047 2224 1133 2262 Hoc
1153 2221 1309 2274 pressius
1322 2219 1464 2259 dietum
1476 2219 1541 2259 est.
1595 2219 1711 2259 Prae-

1048 2292 1105 2318 ter
1131 2276 1322 2329 naturam]
1353 2276 1440 2315 Plus
1471 2275 1566 2314 dicit
1594 2289 1711 2326 quam

1047 2334 1073 2373 fi
1096 2333 1267 2380 diceret,
1298 2332 1453 2372 Praeter
1485 2331 1712 2385 confitetudi·

1047 2405 1137 2430 nem.
1193 2392 1241 2431 D.

1105 2460 1128 2496 ς
1160 2446 1312 2486 Seruom
1349 2443 1443 2483 haut
1475 2442 1708 2498 illiberalem]

1047 2503 1154 2543 Dura
1192 2511 1233 2540 et
1271 2502 1498 2552 importuna
1543 2510 1711 2552 repente

1048 2568 1297 2598 commutano
1327 2570 1375 2596 ex
1393 2567 1496 2596 tanta
1517 2567 1708 2606 vrtupera·

1048 2616 1157 2653 tione
1176 2615 1214 2652 in
1237 2613 1390 2653 laudem
1412 2613 1510 2665 Syri,
1539 2611 1708 2649 ostendit

1046 2684 1178 2710 murra
1206 2681 1379 2709 naturam
1407 2667 1510 2708 suam
1539 2667 1609 2705 niti
1630 2670 1707 2707 De-

1045 2739 1182 2766 meam.
1239 2725 1397 2765 Praebes
1417 2727 1468 2776 te]
1501 2723 1546 2763 ld
1564 2724 1628 2770 est,
1670 2734 1709 2764 te

1045 2783 1228 2835 ostendis,
1247 2781 1354 2824 faffls
1375 2780 1526 2835 probas.
1584 2782 1631 2820 D.
