1891 3308
16 3179 26 3308 ...Ἴ-,ἄψ
16 3124 17 3142 μ

490 182 1064 231 ARGVMENTVM.
1442 201 1466 250 3

85 311 174 352 libis
197 320 237 350 et
265 308 412 349 mariti:
440 309 520 348 veri
550 309 668 359 patris
700 318 739 347 et
765 322 836 360 per
868 307 1134 360 adoptionem
1152 305 1255 348 faffi.
1314 309 1470 359 Quibus

82 367 283 421 propositis
302 366 350 405 ad
372 366 617 417 exemplum,
647 365 804 404 vitanda
832 365 1003 417 perinde
1024 363 1299 418 fugiendaque
1317 369 1470 407 Teren·

82 427 158 465 tius
196 423 434 473 monstrans,
472 422 631 463 artificis
664 425 809 463 Poetae
847 435 920 475 per
956 433 1076 462 totam
1102 420 1287 462 Fabulam
1314 422 1469 466 obtinet

80 481 252 523 laudem.

463 579 1079 655 ARGVMENTVM.

82 704 198 802 Ex
227 703 379 746 duobus
397 707 534 748 Atticis
561 703 765 755 fratribm,
797 706 895 745 alter
922 704 1083 756 quidem
1117 704 1268 745 Demea
1300 704 1467 747 nomine

198 775 261 801 rus
283 765 424 811 coluit,
454 776 611 803 vxorem
632 762 752 809 duxit,
783 761 879 802 filios
900 759 1060 814 suscepit
1079 760 1188 809 dum,
1217 758 1483 817 Aeschinumv

84 831 124 858 et
152 818 445 872 Ctesiphonem.
502 823 553 860 At
577 820 692 868 alter,
725 820 848 859 Micio
876 820 1062 867 nomine,
1095 832 1255 858 vxorem
1284 833 1368 858 non
1397 819 1466 859 du-

82 877 158 924 xit,
194 888 232 916 et
249 876 347 917 filios
367 889 566 928 procreare
586 877 735 916 noluit:
765 873 830 916 sed
852 875 917 914 fibi
938 875 1061 914 filium
1082 873 1208 914 fratris
1218 873 1464 916 Aeschinum

82 932 308 985 adoptauit:
335 945 452 985 atque
477 934 529 973 ita
559 932 812 986 indulgenter
842 932 978 972 eduxit
1006 946 1028 971 a
1056 933 1236 983 paruulo,
1265 943 1305 971 vt
1341 931 1463 972 effuse

82 991 295 1030 luxuriatus
317 988 557 1039 adolescens,
583 989 631 1028 ad
654 989 896 1042 'postremum
928 991 1057 1028 ciuem
1079 990 1242 1032 Atticam
1267 990 1464 1043 virginem

83 1045 256 1097 vitiaret,
290 1059 420 1099 captus
448 1061 581 1087 amore
608 1047 706 1087 eius.
736 1061 815 1098 quo
832 1045 952 1093 fixae,
984 1057 1023 1086 et
1046 1059 1136 1085 cum
1154 1057 1278 1086 matre
1306 1047 1463 1099 puellae

83 1103 236 1156 pepigit
261 1105 416 1155 nuptias
445 1101 636 1150 eiusdem,
669 1116 785 1155 quam
816 1104 977 1143 vitiauit.
1039 1104 1256 1155 Quumque
1285 1116 1368 1142 rem
1395 1116 1464 1157 ge·

80 1160 174 1199 stam
191 1159 236 1198 ad
259 1162 395 1213 patris,
429 1174 452 1200 a
472 1174 552 1212 quo
573 1160 779 1212 adoptatus
799 1159 942 1208 fuerat,
974 1157 1250 1199 conscientiam
1270 1160 1350 1200 iam
1367 1161 1464 1200 iam·

80 1230 159 1268 que
181 1220 394 1269 perlaturus
416 1215 531 1266 effer,
558 1217 740 1268 precibus
760 1216 1011 1269 Ctesiphonis
1029 1215 1155 1256 fratris
1175 1213 1242 1265 sui,
1268 1218 1337 1269 qui
1354 1217 1461 1269 apud

79 1273 224 1313 durum
253 1286 403 1327 patrem
423 1286 540 1326 atque
571 1273 765 1328 agrestem
785 1279 978 1317 Demeam
1005 1275 1153 1326 parcius
1182 1283 1301 1326 atque
1325 1275 1462 1314 arctius

79 1328 308 1380 haberetur,
340 1329 523 1383 impulsus
551 1332 626 1378 est,
663 1342 701 1370 et
730 1342 770 1370 vt
796 1332 922 1370 eidem
950 1346 970 1370 a
989 1332 1139 1372 lenone
1157 1342 1312 1382 raperet
1335 1343 1464 1370 mere-

81 1388 242 1426 tricem:
276 1402 355 1440 quo
376 1387 494 1435 facio,
521 1388 725 1439 multiplici
750 1401 885 1426 errore
910 1387 1128 1439 completur
1145 1387 1298 1427 Fabula.
1357 1391 1460 1428 Nam

79 1454 121 1483 et
136 1446 288 1484 Demea
315 1457 403 1483 cum
433 1444 507 1483 hoc
532 1441 631 1496 ips0‚
663 1445 701 1482 id
723 1443 795 1491 est,
828 1458 915 1483 cum
947 1444 1129 1486 Micione
1149 1443 1346 1496 litigabat,
1377 1456 1462 1484 tan-

81 1513 197 1552 quam
225 1514 309 1540 cum
336 1513 384 1540 eo
404 1502 471 1552 qui
497 1502 713 1553 corruperit
732 1499 1020 1541 adolescentem
1038 1500 1281 1551 adoptatum,
1311 1501 1357 1540 in⁴
1374 1514 1462 1541 mo-

80 1570 142 1596 res
162 1557 354 1609 perditos,
386 1555 562 1598 nesciens
586 1556 693 1597 suum
718 1556 786 1599 fibi
815 1557 938 1596 filium
961 1556 1248 1607 Ctefiphonem
1272 1554 1351 1596 esse
1379 1570 1462 1596 cor-

78 1625 253 1665 ruptum,
293 1613 542 1666 eluditur-que
566 1629 588 1653 a
616 1616 713 1667 Syro
743 1625 783 1653 et
813 1614 992 1656 Micione
1019 1626 1090 1664 per
1115 1625 1232 1652 totam
1261 1613 1458 1654 Fabulam.

76 1671 125 1710 Et
147 1681 268 1710 mater
284 1671 439 1722 puellae
462 1672 537 1709 iam
557 1671 710 1709 decimo
731 1669 866 1710 mense
888 1670 970 1723 post
989 1681 1142 1722 raptum
1165 1670 1347 1723 virginis,
1379 1679 1459 1712 Aen

75 1724 251 1767 schinum
279 1727 403 1766 credit
435 1727 503 1766 fibi
534 1727 602 1779 ipsi
630 1725 797 1780 rapuissie
817 1730 1074 1767 meretricem.
1098 1740 1198 1779 quae
1215 1726 1458 1779 perturbatio

74 1784 153 1835 cito
171 1783 212 1822 in
233 1784 488 1836 tranquillum
505 1784 659 1824 redffia
678 1783 744 1825 est.
800 1787 899 1825 Nam
919 1799 961 1824 re
979 1795 1178 1836 comperta
1204 1784 1254 1823 de
1273 1784 1367 1823 vitio
1387 1786 1461 1824 vir·

78 1841 200 1894 ginis,
236 1841 357 1880 Micio
376 1840 440 1880 dat
460 1842 590 1880 ciuem
609 1839 806 1882 Aeschino
832 1855 950 1894 quam
970 1841 1268 1892 concupiu‘erat:
1298 1837 1458 1893 eiusque

77 1907 240 1937 matrem
270 1896 349 1949 ipse
379 1898 529 1950 accipit.
587 1896 849 1951 Deprehenso
882 1911 974 1937 vero
991 1897 1229 1950 Ctefiphone
1255 1898 1300 1938 in
1324 1911 1459 1940 amore

78 1955 311 2002 meretricis,
351 1956 478 2006 primo
515 1952 688 1994 irascitur
715 1958 888 1996 Demea:
920 1954 1003 2007 post
1034 1955 1198 2004 lenitur,
1237 1965 1356 2006 atque
1394 1955 1461 1995 ha·

80 2009 244 2067 bendae·
262 2011 343 2050 eius
371 2012 581 2052 meretricis
608 2013 809 2052 licentiam
837 2012 1011 2064 praebet.
1068 2011 1220 2052 Primus
1237 2012 1341 2051 ac‘tus
1360 2012 1459 2052 haec

81 2068 276 2116 continet,
307 2068 495 2110 Micionis
529 2066 640 2108 solius
666 2062 793 2122 primo
830 2068 968 2109 verba:
1007 2078 1046 2107 et
1073 2068 1176 2120 post,
1211 2066 1387 2108 eiusdem
1418 2079 1458 2109 et

77 2124 253 2163 Demeae
279 2125 459 2178 iurgium.
516 2126 698 2166 Secundus
728 2127 830 2166 afim
858 2124 955 2165 haec
975 2127 1174 2171 continet,
1203 2126 1376 2166 Lenonis
1406 2126 1458 2165 al—

80 2190 202 2219 teram
219 2181 339 2221 rixam
359 2180 538 2221 aduersus
556 2180 796 2222 Aeschinum
817 2196 886 2234 pro
903 2181 1051 2234 puella:
1080 2179 1252 2221 eiusdem
1272 2182 1376 2234 apud
1388 2186 1459 2235 Sy·
1491 2227 1493 2229 ,

78 2247 166 2275 rum
194 2239 390 2287 querelas:
422 2239 607 2279 laetitiam
634 2238 901 2291 Ctesiphonis:
939 2236 1194 2278 obseffionem
1220 2240 1385 2278 amicae:
1416 2250 1457 2279 et

76 2289 246 2331 eiusdem
275 2296 483 2347 gratiarum
519 2297 689 2336 actiones
722 2296 824 2347 apud
852 2290 1106 2336 Aeschinum.
1171 2293 1322 2334 Tertius
1350 2297 1453 2336 afflui

74 2345 172 2387 haec
202 2350 398 2401 continet,
427 2352 754 2405 Trepidationem
786 2352 917 2391 matris
942 2352 1133 2392 Sostratae
1168 2361 1206 2390 et
1236 2350 1457 2393 Cantharae

77 2406 236 2444 nutricis
257 2407 602 2459 ob-parturientem
622 2410 861 2462 Pamphilam
880 2409 1048 2448 vitiatam
1070 2408 1117 2446 ab
1136 2405 1350 2448 Aeschino:
1380 2410 1458 2449 Ge-

76 2471 152 2500 tam
173 2464 424 2504 nunciantem
450 2465 638 2506 dominae
660 2464 749 2506 suae
768 2479 839 2519 per
865 2465 1059 2511 errorem,
1092 2464 1199 2516 quod
1225 2464 1294 2504 fibi
1316 2479 1456 2518 rapue-

73 2520 123 2557 rit
149 2516 362 2559 Aeschinus
388 2524 657 2564 meretricem:
686 2523 857 2563 reditum
882 2523 922 2561 in
943 2524 1107 2563 Scenam
1127 2522 1327 2562 Demeae:
1358 2519 1455 2562 eius·

74 2574 246 2625 demque
273 2588 363 2616 cum
381 2579 479 2630 Syro
511 2579 740 2620 ludificante
765 2578 1149 2619 sermocinationem:
1179 2579 1458 2624 interuentum

71 2632 286 2683 Hegionis,
323 2646 410 2673 cum
437 2637 598 2686 querela
625 2638 728 2689 apud
759 2636 934 2676 eundem
953 2638 1148 2675 Demeam
1177 2634 1227 2674 de
1257 2634 1356 2676 fa‘clo
1377 2629 1456 2676 Ae-

67 2683 208 2740 schini,
228 2688 280 2730 de
297 2688 562 2733 consolatione
581 2693 783 2735 Sostratae.
841 2693 1014 2750 Qcartus
1033 2693 1135 2733 aftus
1155 2686 1251 2732 haec
1263 2693 1454 2743 continet,

740 2753 778 2793 A
807 2762 835 2795 2
1330 2748 1453 2793 Ctesi-
