1875 3244
594 159 892 209 ADELPH.

1319 171 1408 220 175

97 308 158 348 10
188 299 299 344 Rem
321 292 458 358 ipsam
475 301 697 356 putemus.
735 284 904 335 distum
923 286 1039 332 inter
1057 300 1140 331 nos
1163 283 1248 331 hoc
1267 283 1365 338 fuit,

187 375 252 418 Ex
271 381 314 417 te
336 368 444 415 adeo
468 365 527 412 est
550 378 710 417 ortum,
733 380 789 410 ne
810 375 857 410 tu
882 376 1053 408 curares
1077 376 1241 412 meum,

187 451 319 494 Neue
332 460 414 504 ego
426 454 550 490 tuum
565 442 584 486 Ρ
602 438 827 504 responde.
847 433 915 483 Μ.
937 429 1163 487 fastum’st,
1176 452 1267 482 non
1283 451 1414 495 nego.

140 535 144 539 ’
188 519 237 569 D
252 533 292 566 Ε.
325 523 415 566 Cur
434 535 552 564 nunc
574 515 689 581 apud
710 526 752 562 te
772 512 924 578 potat?
957 528 1035 558 cur
1053 512 1211 575 recipis
1232 510 1415 557 meum?

191 599 282 644 Cur
305 597 413 641 emis
443 595 638 644 amicam,
661 588 829 637 Micio?
866 603 976 634 num
999 587 1074 650 qui
1097 589 1244 632 minus

98 688 117 722 1
131 689 155 736 5
189 671 306 719 Mihi
328 670 445 717 idern
467 671 535 715 ius
556 658 790 731 aequum’st
811 659 909 717 effe,
928 661 1049 726 quod
1069 655 1292 708 mecum'st
1303 659 1416 708 tibi?

115 882 166 915 10
194 869 282 911 Rem
302 868 415 924 ipsam
435 870 615 923 putemus]
645 867 713 907 Vi-

58 927 171 969 detur
194 928 310 980 paulo
331 927 440 966 citius
458 924 715 965 destomacha-

58 995 142 1032 tus,
179 996 296 1035 quam
323 995 382 1022 res
408 983 524 1021 etiam
543 983 714 1021 incertae

59 1038 282 1093 poscebant.
339 1037 413 1080 Sed
443 1048 481 1078 et
499 1036 573 1076 hoc
591 1049 714 1075 mora-

59 1097 118 1136 le:
149 1107 238 1135 nam
258 1093 353 1134 iuste
372 1094 468 1142 irati,
491 1089 622 1132 omiss‘a
641 1090 715 1132 sae-

59 1153 155 1192 uitia
167 1180 176 1197 .
203 1150 250 1191 ad
268 1150 580 1190 ratiocinationes
599 1146 715 1200 saepe

59 1207 256 1248 festinant.
311 1208 359 1247 Et
392 1216 593 1259 praeterea
619 1202 716 1243 illud

60 1263 219 1312 accedit,
239 1262 342 1315 quod
369 1261 715 1306 noninuenitiam‚

61 1319 167 1371 quod
208 1318 406 1372 condigne
444 1317 567 1360 dicat:
606 1315 717 1355 simul

62 1377 178 1415 etiam
199 1375 289 1426 quia
305 1376 411 1413 incre
442 1376 512 1413 itus
541 1371 593 1413 est
611 1387 632 1412 a
649 1370 717 1410 fra-

64 1442 140 1479 tre,
167 1429 272 1482 quod
292 1429 394 1482 apud
429 1442 451 1468 e
479 1430 554 1468 iarn
574 1441 654 1467 non
675 1427 718 1466 fit

63 1500 135 1541 per
159 1486 397 1525 iracundiam
430 1484 717 1525 vehementem.

63 1543 154 1583 Rem
186 1541 300 1594 ipsam
331 1542 518 1594 putemus]
565 1539 722 1581 Traae-

63 1612 160 1646 mus,
180 1609 404 1650 purgemus.
464 1599 561 1637 Nam
582 1595 720 1634 ethine

60 1656 279 1708 putamina,
327 1662 581 1706 purgamenta
625 1650 722 1690 dieta

66 1708 173 1750 sunt:
205 1721 241 1748 vt
262 1709 418 1748 Plautus
452 1709 493 1748 in
517 1709 629 1761 Capt.
656 1717 722 1754 111,

65 1779 104 1818 4,
129 1767 236 1817 122.)
257 1765 317 1812 ait,
344 1765 520 1805 Nucleum
536 1763 648 1815 amfi,
667 1775 723 1801 re-

70 1824 168 1863 nnui
211 1823 367 1877 pignori
400 1824 606 1874 putamina.
674 1819 724 1858 Et

67 1880 178 1932 Virg.
214 1880 332 1929 (Aen.
361 1890 424 1926 v1,
451 1878 562 1931 332.)
597 1875 725 1915 Multa

68 1946 212 1988 putans,
232 1934 364 1983 inquit.
407 1934 547 1974 Patare
558 1932 724 1986 proprie,

71 1990 124 2029 est
142 1987 229 2029 falsa
246 2000 284 2028 et
302 1985 396 2029 caffa
414 2003 434 2028 a
453 1990 550 2030 veris
568 1999 607 2028 et
630 1987 726 2028 vtssi·

71 2046 143 2084 bns
177 2043 358 2085 resecare.
399 2045 504 2085 vnde
543 2043 725 2084 arborum

74 2113 307 2154 purgatore3‚
323 2113 518 2154 putatores
530 2100 723 2140 dicuntur.

73 2161 119 2198 Et
140 2158 250 2204 Rem,
283 2154 428 2197 causam
455 2155 571 2211 ipsam
594 2157 668 2196 litis
689 2167 728 2194 ο·

75 2213 234 2253 stendit:
267 2223 324 2258 vt,
355 2215 469 2253 Mitte
498 2211 584 2265 fia,
614 2223 727 2266 atque

74 2268 124 2308 ad
142 2282 216 2306 rem
239 2267 328 2308 redi.
383 2271 433 2310 D.

132 2324 284 2363 Dic'lum
307 2322 373 2364 hoc
406 2329 505 2364 inter
535 2336 603 2364 nos
617 2321 731 2374 suits

78 2393 127 2420 ex
150 2394 184 2419 te
202 2380 290 2418 adeo
309 2379 355 2432 est
379 2394 523 2429 ortum,
548 2394 591 2421 ne
609 2392 650 2419 tu
674 2392 730 2418 tu·

77 2450 182 2476 rores
210 2448 347 2484 meum,
383 2450 471 2477 neue
497 2449 563 2493 ego
590 2432 731 2477 tuum?

75 2492 269 2544 responde]
299 2492 405 2531 Haec
435 2492 645 2545 propoiitio
678 2489 731 2529 est

79 2548 189 2601 legis.
245 2549 402 2589 Crimen
422 2548 469 2588 fic
487 2549 731 2601 proponitur:

81 2604 161 2645 Cur
193 2617 288 2642 nunc
321 2604 419 2657 apud
439 2617 474 2644 te
496 2607 633 2657 potat?
667 2616 730 2641 cur

81 2661 214 2715 recipis
247 2659 394 2705 meum?
422 2673 497 2718 'cur
534 2663 617 2700 emis
646 2661 734 2698 ami·

1266 739 1418 791 Quan-

762 878 850 915 cam,
872 863 1022 906 Micio?
1049 859 1273 902 Conclusio':
1291 857 1418 915 Qan-

761 924 807 962 do
828 936 894 977 ego
912 933 1016 961 tuum
1039 932 1114 959 non
1131 931 1236 967 curo,
1264 931 1308 957 ne
1324 929 1417 957 cura

761 991 888 1019 meum.
945 978 990 1017 E.

820 1046 866 1076 11
915 1033 976 1074 Ne
1010 1044 1051 1072 tu
1093 1041 1240 1070 curares
1282 1025 1418 1083 meum]

760 1093 859 1132 Nam
880 1089 1012 1129 ambos
1032 1099 1181 1135 curare,
1212 1084 1420 1138 propemo-

763 1146 854 1187 dum
873 1143 1074 1198 reposcere
1093 1144 1201 1183 illum
1212 1140 1278 1189 est,
1299 1152 1420 1193 quem

763 1201 912 1244 dedisti.
965 1202 1017 1240 D.

823 1270 873 1302 12
902 1257 1056 1298 Fac‘lum
1067 1252 1130 1307 est]
1158 1252 1421 1306 ApparetMi·

765 1315 922 1355 cionem
944 1314 1111 1352 inuitum
1139 1310 1298 1362 quidem
1324 1307 1421 1348 fate·

767 1373 818 1419 ri,
845 1368 909 1409 sed
937 1366 1061 1408 facete
1080 1377 1337 1406 contemnere
1355 1364 1422 1405 ob·

767 1426 875 1466 iessa.
933 1426 983 1465 D.

827 1494 877 1533 14
909 1481 987 1520 Cur
1017 1480 1104 1518 emis
1135 1480 1311 1528 amicam,
1339 1475 1424 1517 Mi-

770 1538 877 1592 cio?]
907 1537 1130 1576 Inclamatio
1157 1534 1223 1574 ista
1250 1532 1422 1574 nominis

769 1606 956 1648 magnam
989 1590 1177 1630 inuidiam
1218 1589 1425 1650 fignificat:

770 1660 822 1699 vt,
841 1651 1060 1704 chnumne‚
1077 1644 1263 1697 Aqfihine‚
1278 1646 1335 1686 bic
1343 1641 1424 1698 pos

763 1705 884 1759 fides?
912 1707 960 1745 Et
981 1705 1102 1755 (Aen.
1124 1716 1178 1749 x1,
1200 1705 1311 1755 362.)
1352 1701 1426 1740 Pa·

773 1776 846 1802 cem
865 1774 899 1801 te
912 1759 1096 1813 poſsimus
1113 1771 1245 1806 omnes,
1285 1759 1420 1799 Turne.

772 1817 877 1859 Num
901 1820 963 1871 qui
993 1818 1112 1855 minus
1140 1814 1232 1854 mihi
1255 1813 1348 1853 idem
1366 1816 1426 1852 ius

772 1886 924 1927 aequum
947 1871 994 1924 est
1013 1871 1088 1924 effe]
1117 1876 1196 1912 Aut
1223 1883 1331 1915 num,
1362 1879 1427 1907 ant

774 1933 839 1986 qui
855 1927 1034 1968 abundat.
1065 1938 1106 1967 et
1128 1926 1181 1967 est
1202 1926 1309 1975 ordo,
1343 1925 1426 1976 Qui

774 1988 902 2028 minus
936 1995 1104 2036 aequum
1131 1981 1186 2022 est
1219 1979 1295 2022 effe
1322 1980 1426 2021 idem

774 2044 832 2082 ius
851 2039 958 2089 mihi,
980 2049 1051 2079 etc.
1109 2040 1192 2094 Qi
1212 2050 1317 2091 ergo,
1335 2049 1428 2088 qua-

774 2111 816 2139 re
838 2098 898 2138 vel
919 2110 986 2135 cur
1005 2095 1200 2149 fignificat.
1256 2097 1304 2133 D.

834 2166 852 2198 1
893 2152 1159 2204 Lindenbrog.
1181 2149 1428 2189 curnFaerno

777 2167 977 2250 confentit.
1032 2203 1333 2247 VariantCodd.
1363 2200 1431 2242 sed

777 2264 992 2319 legendum
1017 2262 1202 2308 arbitror,
1241 2259 1343 2299 Num
1363 2259 1430 2312 qui

777 2324 897 2361 minus
923 2317 1027 2359 Mihi
1047 2321 1103 2358 ius
1123 2318 1217 2355 idem
1227 2316 1279 2370 fit
1300 2328 1430 2363 tecum,

779 2378 880 2431 quod
903 2373 1066 2426 mecumfl
1093 2372 1192 2416 tihi?
1231 2373 1327 2412 Nam
1355 2373 1432 2410 Te·

781 2447 866 2473 cum
886 2429 1003 2484 poscit
1030 2426 1107 2482 ipsa
1119 2426 1335 2470 Antithefis.
1366 2430 1433 2467 At-

782 2501 861 2542 que
889 2497 1041 2526 cactera
1069 2485 1311 2524 conueniunt
1328 2484 1435 2523 Plau·

781 2557 819 2584 to
843 2542 984 2595 Amph.
1006 2542 1103 2581 prol.
1124 2544 1189 2594 76.
1218 2539 1295 2595 Qi
1316 2542 1433 2578 minus

781 2602 919 2641 Eadem
951 2597 1117 2648 hrflrioni
1140 2595 1193 2650 fit
1221 2598 1299 2645 lex,
1342 2607 1434 2649 quae

772 2657 919 2712 flammo
938 2657 1048 2695 viro?
1103 2655 1142 2692 Β.
