1875 3244
654 133 948 183 ADELPH.

1354 107 1458 198 ¹¹97

229 254 491 323 Sy1·c‚ccffns
505 262 567 307 ire
579 277 625 306 ac
637 261 808 307 facere?
829 259 859 309 S
876 275 922 308 Y.
947 260 1052 325 quid
1063 260 1178 322 ago?
1201 257 1294 309 DE.
1318 262 1459 314 dirue.

226 340 305 383 Tu
328 336 419 381 illas
443 335 511 382 abi
535 348 577 382 et
599 336 788 383 traduce.
830 339 932 384 GE.
965 334 1030 383 Di
1053 337 1145 389 tibi,
1172 341 1351 391 Demea,

133 427 196 460 20
227 412 516 463 Benefaciant,
539 428 677 474 quum
698 423 740 458 te
761 411 887 458 video
909 409 1077 459 nostrae
1102 413 1286 459 familiae

222 490 343 533 Tam
365 502 416 532 ex
434 482 764 535 animo‘faaum
784 485 908 534 velle.
940 485 1035 535 DE.
1069 487 1224 549 dignos
1252 487 1455 536 arbitror.

224 561 346 616 Quid
372 572 421 608 tu
443 562 537 608 ais?
558 557 646 609 ΑΕ.
675 559 730 609 fic
753 564 926 626 opinor.
955 559 1050 618 DE.
1086 564 1227 611 multo
1249 560 1457 620 restiu‘st,

221 640 371 691 Quam
389 637 506 682 illam
526 653 791 702 puerperam
812 654 930 685 nunc
954 637 1054 685 duci
1073 638 1160 686 huc
1182 656 1264 705 per
1285 641 1400 687 viam

218 717 473 772 Aegrotam.
516 709 615 760 ΑΕ.
654 711 766 759 nihil
788 714 906 760 enim
923 713 1012 761 vidi
1035 714 1208 764 melius,
1231 717 1292 761 mi
1313 727 1454 780 pater.

131 894 205 932 Pto
228 890 286 930 Illi
317 891 496 943 plerique
514 889 641 933 Codd.
660 889 738 931 lue.

77 949 205 1001 Igitur
225 949 330 986 locus
341 948 457 999 paulo
467 946 661 987 difficilior
672 960 738 987 ac-

75 1003 285 1056 cipiendus
312 1002 365 1044 est
386 1003 437 1043 de
453 1006 604 1044 Demea
629 1016 737 1049 auer-

73 1056 127 1105 s0,
146 1060 212 1112 qui
223 1056 349 1099 seeum
359 1057 737 1111 loquiturhuncver-

72 1112 170 1162 sum,
190 1127 228 1154 vt
249 1115 425 1166 proxime
440 1115 736 1164 antecedentia;

72 1170 175 1210 adeo
206 1182 243 1210 vt
267 1169 311 1211 fit
337 1168 484 1211 sensus:
514 1170 592 1213 Etfi
614 1170 735 1212 frater

72 1225 144 1266 iste
164 1226 347 1280 prodigus
367 1227 507 1281 viginti
525 1229 649 1268 minas
661 1242 733 1281 pro

69 1280 222 1336 psaltria
241 1279 418 1328 soluerit3
438 1294 506 1323 aut
524 1283 668 1324 etiamsi
684 1284 732 1324 ad

70 1340 237 1393 gratiam
273 1337 575 1380 adnleseentium
620 1354 733 1380 aucu-

68 1395 242 1447 pandam
270 1394 400 1434 denuo
425 1396 588 1435 totidem
607 1397 731 1435 minas

67 1448 286 1490 consumat:
307 1464 383 1505 ego
404 1462 532 1490 tamen
547 1465 651 1491 nunc
663 1466 730 1504 pa-

66 1519 152 1545 rem
179 1507 217 1546 ei
243 1509 405 1560 gratiam
433 1506 572 1547 refero.
631 1510 729 1548 Nam

62 1562 154 1602 Iube
178 1562 283 1602 reste
299 1565 474 1604 Donatus
502 1564 730 1614 interpreta-

62 1628 124 1657 τοι·
144 1631 216 1669 per
233 1619 338 1672 Age.-
364 1616 507 1669 Babylo
521 1629 649 1664 autem
664 1616 727 1658 seu

61 1673 304 1726 Babylonius
322 1672 377 1713 est
395 1674 582 1728 prodigus
593 1685 728 1726 etpro-

61 1727 180 1778 fusus,
205 1729 256 1769 ob
281 1730 429 1777 luxum,
453 1743 532 1782 quo
553 1740 633 1775 tum
643 1733 728 1771 Me-

63 1786 106 1825 di
145 1796 188 1824 et
228 1783 367 1825 Persae
402 1784 566 1826 infames
603 1796 725 1826 erant.

59 1841 170 1882 Hinc
197 1839 425 1881 Scholiastes
454 1842 650 1882 quenalis
675 1841 724 1882 ad

50 1909 112 1938 :nr
128 1928 137 1945 ‚
171 1908 273 1937 221:
303 1896 471 1937 Meliora
487 1911 522 1936 ct
538 1898 647 1950 plura
669 1913 724 1945 re-

53 1954 166 2004 ponit
198 1951 362 2003 Persicus
399 1952 575 1992 orborum
598 1954 725 2005 lautis!

46 2006 175 2061 fimus.
235 2008 421 2059 Perszcum
441 2007 551 2062 quast
566 2009 722 2051 diuitem

52 2062 206 2116 peficit3
238 2076 279 2102 eo
301 2065 398 2118 quod
414 2064 548 2117 Perfize
563 2065 722 2106 diuites.-

43 2117 102 2170 βε
129 2120 329 2167 Horatius,
347 2119 510 2175 Perficos
522 2121 597 2169 odi,
614 2132 720 2176 puer,

55 2187 286 2228 apparatus:
319 2177 526 2225 Terentius,
546 2178 722 2218 Dinume-

54 2245 115 2272 ret
157 2243 254 2270 nunc
295 2230 354 2272 ille
380 2231 522 2284 Babylo
562 2248 621 2274 xx
655 2237 722 2274 mi·

59 2299 139 2328 nas.
194 2289 238 2327 Β.

116 2349 163 2392 18
193 2341 300 2393 Syre,
323 2342 427 2396 cffu-
445 2346 499 2384 ire
517 2357 559 2383 ac
568 2343 718 2399 fluere]

54 2401 237 2441 smmi-'4
260 2398 412 2440 dicitur.
468 2400 612 2450 Dirae]
631 2403 720 2441 Hoc

53 2455 163 2496 vultu
181 2455 323 2495 dicitur
338 2454 579 2496 adhortante.
610 2460 662 2498 D.

108 2509 216 2565 Qid
238 2511 367 2566 ago?]
398 2511 446 2552 V.
473 2513 519 2554 C.
549 2511 656 2568 Qid
677 2525 720 2553 a·

61 2572 177 2624 gam?
231 2569 272 2608 L.
463 2622 466 2625 Ι

113 2622 221 2681 Qid
249 2621 352 2678 ego?
402 2622 508 2676 quod
539 2634 643 2665 extat
678 2625 719 2665 in

1384 807 1447 852 25

787 893 992 932 nonnullis
1017 892 1144 935 Codd.
1165 904 1254 934 vett.
1282 907 1372 935 vera
1395 893 1451 934 est

787 949 926 995 leffio3
953 947 1113 989 subaudi
1133 950 1293 994 Faciam.
1348 953 1453 994 Cae-

788 1007 860 1045 teri
880 1005 1025 1054 habeut
1042 1009 1139 1062 AgO,
1154 1018 1229 1057 aut,
1246 1008 1374 1062 Agant.
1403 1011 1449 1048 Β.

837 1130 893 1161 20
924 1106 1057 1175 Qum
1096 1132 1132 1158 te
1163 1120 1268 1159 video
1302 1119 1448 1172 nosti-ae

772 1173 953 1227 fizmiliae
984 1188 1061 1215 tam
1082 1188 1129 1214 ex
1153 1179 1277 1216 animo
1293 1177 1446 1228 ficium

781 1229 887 1277 velle]
916 1229 980 1268 Ex
1008 1233 1133 1270 animo
1162 1232 1276 1271 alicui
1295 1231 1445 1282 fhcere,

781 1285 836 1326 est
855 1284 896 1325 id
920 1285 1063 1336 facere,
1081 1287 1187 1339 quod
1214 1290 1282 1331 ille
1301 1289 1342 1327 in
1362 1289 1447 1328 ani-

781 1355 846 1382 mo
873 1340 938 1381 suo
970 1343 1081 1387 velit3
1112 1354 1179 1383 aut
1199 1355 1304 1384 certe
1322 1358 1370 1384 ex
1388 1356 1444 1383 to·

782 1408 821 1437 ta
841 1409 977 1438 mente
1001 1397 1210 1449 praestare,
1241 1414 1323 1439 non
1353 1413 1442 1451 per·

779 1452 984 1493 funstorie.
1013 1451 1083 1493 sed
1099 1469 1146 1495 ex
1155 1458 1278 1495 animo
1281 1456 1441 1509 fizt't'um,

779 1509 886 1549 bene
912 1509 1057 1549 fa&um-
1079 1511 1303 1564 intelligere
1322 1511 1442 1552 debe-

777 1577 878 1611 mus,
897 1576 935 1604 vt
954 1564 1006 1613 fit,
1028 1564 1091 1606 Ex
1109 1569 1244 1618 animo,
1258 1567 1366 1620 „quasi
1386 1579 1440 1608 ex

777 1617 981 1672 sententia.
1036 1625 1087 1664 D.

831 1745 882 1775 21
913 1731 1062 1787 Dignos
1091 1731 1284 1789 arbitror]
1307 1735 1436 1775 Multa

769 1786 928 1896 ἓῖξιυῑητ,
941 1800 987 1886 Et
1008 1790 1095 1839 Vos,
1123 1800 1159 1830 et
1180 1790 1268 1843 Effi,
1295 1801 1336 1830 et
1353 1790 1436 1847 Q&

826 1968 880 1998 22
953 1955 1018 1996 uid
1036 1969 1078 1996 tu
1105 1957 1218 2012 ai5?]'
1240 1960 1298 1998 Eo
1319 1958 1429 2008 vultu

771 2011 912 2053 dicitur
930 2012 1037 2067 ,Qid
1056 2025 1098 2052 tu
1116 2016 1194 2061 ais,
1228 2027 1304 2065 quo
1323 2014 1432 2054 vide-

769 2082 855 2122 mus
875 2068 986 2120 loqui
1007 2081 1086 2116 eos,
1106 2070 1171 2120 qui
1184 2070 1430 2123 interrogant

770 2123 1026 2178 gesticulaute
1047 2125 1163 2173 vultu,
1196 2125 1290 2176 quid
1311 2126 1430 2165 senti-

770 2191 836 2219 ant
855 2179 906 2218 de
922 2178 1080 2218 consilio
1101 2178 1174 2228 suo,
1195 2194 1292 2232 quos
1306 2179 1429 2224 sciunt

770 2235 1046 2288 approbaturus
1068 2234 1158 2276 esse.
1214 2239 1265 2278 D.

822 2360 874 2401 23
907 2346 990 2386 Huc
1003 2358 1071 2399 per
1086 2347 1204 2402 viam]
1234 2346 1305 2389 ΜΓ.
1326 2352 1365 2390 R.
1384 2361 1425 2392 ot

768 2414 858 2443 vett.
870 2403 981 2443 codd.
999 2403 1068 2443 hac
1079 2415 1143 2455 per
1161 2407 1271 2443 viam.
1328 2408 1370 2445 L.
1391 2442 1394 2445 ,

824 2460 1066 2498 Com-innius
1076 2459 1191 2498 nostri
1202 2459 1327 2502 Codd.
1341 2462 1423 2501 Hac

769 2527 862 2554 nunc
881 2515 963 2553 duci
976 2526 1045 2566 per
1064 2517 1172 2569 viam.
1217 2519 1252 2558 N
1257 2530 1316 2556 am
1326 2518 1421 2565 Huc,

771 2585 841 2622 per
859 2576 1024 2610 scenam
1046 2567 1198 2623 scilicet,
1217 2585 1324 2624 ⁸quae
1343 2571 1422 2626 ipsa

769 2627 896 2679 platea
914 2624 979 2665 est.
1035 2629 1078 2668 B.

879 2686 913 2723 N
949 2696 973 2736 3
