1827 3180
595 216 952 266 PHORMIO.

1358 229 1452 278 553

218 355 395 401 Harum
428 351 505 414 qui
538 346 598 396 est
631 349 836 396 dominus
868 344 1056 392 aedium.
1089 338 1200 390 CH.
1237 344 1459 409 Antipho-

317 427 455 475 nine?
493 423 582 472 So.
625 425 742 478 hem,
768 424 830 470 illi
859 419 954 486 ipsi.

217 500 330 553 CH.
373 502 525 557 Quid?
565 501 721 547 duasne
742 503 777 546 is
802 513 956 546 vxores
977 494 1141 543 habet?
1177 492 1262 542 So.
1293 511 1362 550 an,
1384 493 1465 543 ob·

319 579 452 635 secro,
478 594 608 625 vnam
631 577 702 623 ille
725 575 903 640 quidem
924 573 1037 619 hanc
1059 571 1204 621 solam.

219 649 325 703 CH.
367 654 489 709 Quid
521 654 638 699 illam
670 653 870 699 alteram,
911 665 1021 712 quae
1058 647 1216 694 dicitur
1247 644 1463 710 cognata?

323 727 414 777 So.
449 731 554 776 haec
577 721 749 790 ergo’st.
787 722 896 773 CH.
938 724 1045 788 quid
1072 721 1165 771 ais?

223 804 320 855 So.
360 803 615 871 Composito
642 797 881 856 fastum'st,
912 799 1141 866 quomodo
1171 799 1286 848 hanc
1317 815 1468 849 amans

321 882 484 929 habere
508 877 649 946 poffet

126 977 190 1026 30
225 961 327 1007 Sine
364 959 480 1008 dote.
523 953 630 1004 CH.
670 958 731 1004 Di
763 953 953 1005 vostram
980 950 1141 1009 fidem,
1179 969 1314 1019 quam
1344 952 1471 1021 saepe

323 1035 438 1082 forte
459 1044 627 1082 temere

225 1106 498 1170 Eueniunt‚⁰3
520 1125 632 1175 quae
665 1125 759 1158 non
773 1106 949 1182 'audeas
979 1102 1159 1175 optare!
1198 1103 1370 1155 offendi
1398 1102 1472 1153 ad-

326 1190 528 1242 uenienS,

149 1335 205 1377 26
231 1333 337 1378 Hem,
363 1333 468 1387 quod
486 1333 567 1376 fine
586 1331 758 1388 synaloe-

97 1391 176 1444 pha
194 1391 290 1429 stare
302 1393 448 1442 nequit,
471 1391 592 1430 efficit
610 1390 760 1430 versum

99 1447 390 1488 claudicantem.
430 1451 522 1489 Duo
550 1446 644 1486 libb.
678 1446 761 1498 post

98 1504 352 1555 Antiphomne
364 1502 508 1542 addunt
520 1504 684 1556 [nquam.
696 1500 761 1541 sed

100 1561 241 1600 reciius
275 1559 530 1600 Academicus
561 1559 660 1600 cod.
687 1562 762 1598 An-

26 1658 29 1660 ,
100 1616 324 1669 ιίρύοηίηεὲ
347 1616 420 1668 Isti,
444 1618 602 1668 inquam,
616 1612 690 1667 ipfi'.
720 1618 762 1654 B.

158 1685 211 1724 27
239 1672 371 1726 Qtid!
400 1672 549 1725 duafize]
592 1673 767 1719 Miratur

37 1728 41 1732 ’
100 1730 241 1782 potius,
262 1742 378 1780 quam
400 1731 631 1780 interrogat:
664 1726 703 1766 id
723 1740 762 1766 e-

101 1787 184 1825 nim
207 1786 355 1824 audiuit
387 1784 492 1837 quod
511 1782 595 1824 fieri
609 1796 680 1836 per
699 1796 761 1823 vo·

105 1851 142 1880 ta
162 1841 352 1894 cupiebat.
409 1844 451 1881 E.

158 1902 214 1938 Vt
244 1895 370 1937 vei-sus
397 1897 484 1945 stet,
512 1897 601 1937 dele
622 1894 761 1945 Habet,

103 1954 210 2004 quod
235 1966 283 1993 ex
312 1954 635 2005 interpretatione
661 1953 766 1993 inter

104 2010 228 2050 lineas
250 2020 381 2049 natum
405 2010 469 2048 est.
524 2013 563 2050 B.

161 2074 212 2116 28
245 2069 317 2106 Pro
338 2067 486 2120 vulgari
507 2066 614 2122 Qid
632 2065 694 2104 illa
715 2065 766 2106 nl-

106 2136 209 2171 tera‚
241 2122 370 2161 Bemb.
401 2134 440 2161 et
460 2124 586 2161 noster
612 2123 768 2162 veterri-

106 2192 196 2217 mus
271 2179 337 2216 uid
363 2178 654 2217 illamalteram:
685 2191 767 2216 non

107 2246 240 2273 tamen
262 2232 566 2272 subaudiendum
589 2234 662 2280 est,
693 2236 766 2273 Ha-

109 2290 171 2330 bet
188 2303 358 2335 vxorem3
386 2287 449 2329 sed
469 2301 504 2329 vt
525 2287 633 2340 supra
651 2302 717 2339 111,
733 2303 768 2336 1,

111 2358 177 2398 15.
217 2347 321 2402 Qid
349 2346 452 2385 eum?
488 2355 527 2384 et
554 2347 694 2384 Heaut.
725 2358 767 2393 v,

112 2415 149 2450 1>
168 2413 236 2455 77
291 2405 331 2442 B.

164 2470 218 2510 29
241 2455 603 2510 Compofitofhffum
623 2455 686 2510 cst]
708 2456 769 2495 Sic

109 2526 287 2555 veteres:
323 2527 406 2562 nos,
430 2515 488 2553 Ex
501 2512 704 2566 composito.
733 2523 771 2550 vt

111 2573 299 2623 (Aen.11,
323 2571 432 2622 129.)
462 2571 662 2623 Composito
674 2582 769 2607 rum·

112 2630 170 2682 pit
179 2640 312 2672 vocem,
326 2640 359 2664 ct
372 2641 424 2664 me
436 2626 588 2676 destinat
600 2640 697 2664 arae.
722 2627 771 2664 D.

169 2696 223 2736 30
261 2684 372 2735 Saepe
399 2683 508 2734 forte
539 2696 668 2722 temere
697 2693 776 2719 eue-

116 2739 245 2794 niunt]
279 2741 519 2792 Frequenter
548 2739 776 2779 obtinentur

1355 1185 1476 1238 Qui-

808 1344 878 1384 per
918 1329 1045 1371 casum
1094 1339 1213 1381 atque
1247 1327 1476 1379 'sm-tunam,

811 1401 910 1440 quae
930 1389 994 1427 vix
1015 1397 1201 1438 exoptare
1224 1387 1309 1436 quis
1321 1384 1475 1424 audeat.

809 1448 909 1485 Nam
929 1443 1049 1482 modo
1068 1443 1209 1481 inueni
1236 1441 1355 1480 filiam
1385 1454 1477 1480 cum

812 1513 860 1540 eo
890 1511 1070 1552 nuptam,
1104 1511 1190 1536 cum
1217 1511 1294 1548 quo
1314 1494 1392 1536 effe
1410 1510 1479 1537 cu-

813 1555 991 1609 piebam,
1028 1566 1067 1594 et
1095 1567 1181 1593 eam
1210 1554 1322 1606 diligi
1348 1567 1371 1592 a
1398 1552 1477 1593 filio

813 1611 950 1667 (diligi,
971 1624 1015 1650 vt
1037 1610 1201 1650 volebam
1213 1623 1223 1655 3
1246 1610 1318 1657 vel,
1338 1625 1360 1649 a
1378 1612 1478 1649 viro.

811 1673 883 1721 Z.).
932 1667 1051 1718 Quod
1072 1667 1231 1717 quidem
1250 1679 1478 1719 magnanos

813 1738 904 1764 cura
932 1735 972 1762 et
993 1736 1117 1774 opere
1138 1734 1173 1761 vt
1198 1721 1307 1762 fieret
1328 1722 1475 1762 labora-

811 1781 966 1821 bamus:
991 1791 1030 1818 at
1050 1791 1154 1818 nune
1175 1775 1249 1818 sola
1269 1776 1364 1818 haec
1375 1792 1473 1820 anus

815 1837 950 1877 cunfla
973 1836 1194 1888 compleuit.
1252 1838 1295 1875 E.

868 1893 984 1933 forte
1010 1906 1141 1932 temere
1167 1891 1358 1946 eueniunt]
1388 1894 1476 1933 Me-

814 1950 933 1990 nand.
975 1948 1197 1994 Ταυτομεὶτων
1231 1950 1320 1992 ἡμῶν
1351 1953 1474 1987 καλλίω

815 2002 1022 2055 eventilet-ou.
1052 2006 1172 2044 Plaut.
1193 2003 1362 2044 B10stell.
1379 2017 1411 2051 1,
1434 2017 1474 2057 3,

815 2077 882 2116 40.
937 2060 1128 2115 Insperata
1153 2060 1323 2100 accidunt
1352 2065 1473 2116 magis

804 2121 928 2173 saepe,
947 2131 1054 2171 quam
1074 2131 1168 2170 quae
1177 2116 1310 2170 speres.
1365 2119 1407 2156 L.

873 2187 922 2229 31
944 2175 1048 2229 ‚Quae
1066 2187 1139 2213 non
1149 2175 1281 2213 audeas
1303 2183 1429 2224 optare
1444 2171 1476 2226 ξ]

817 2235 912 2276 Pro,
958 2236 1074 2281 Quae
1098 2243 1177 2268 non
1206 2228 1344 2267 audeat
1373 2229 1471 2279 quis.

820 2298 869 2334 vt,
890 2287 1011 2326 Facile
1036 2298 1106 2338 pro
1127 2284 1304 2323 Eunucho
1328 2283 1476 2337 prober.

822 2342 968 2394 Offendi
989 2340 1202 2394 adueniens]
1233 2343 1327 2388 ΡΝ),
1357 2353 1481 2391 quum

819 2396 1072 2438 adueniffem.
1103 2408 1141 2441 vt
1161 2397 1324 2449 (Georg.
1339 2410 1363 2443 1,
1380 2399 1477 2448 16.),

819 2454 899 2505 Jpfi’
948 2467 1073 2494 nemus
1111 2453 1276 2505 linquens
1309 2454 1481 2505 panium

809 2511 953 2563 sitaque
992 2522 1082 2549 arua
1124 2509 1294 2549 Latinus.
1375 2510 1481 2560 Quia

821 2570 953 2610 Latina
974 2567 1112 2620 lingua
1131 2563 1262 2606 deficit
1280 2564 1352 2605 hac
1365 2565 1484 2606 deeli-

823 2625 996 2664 natione.
1055 2625 1103 2663 D.

885 2679 1033 2733 Offendi
1059 2677 1272 2733 adueniens]
1309 2674 1486 2719 Priscian.

826 2736 912 2778 libr,
933 2750 979 2777 11.
1038 2737 1081 2776 L.

941 2795 1095 2847 Mm5
