1827 3180
603 194 959 246 PHORMIO.
1052 255 1055 258 ,

142 317 451 372 Achs
525 318 875 379 QVINTI
941 321 1245 389 §CENA
1300 323 1374 377 11.

1353 215 1452 280 555v

476 409 785 451 DEMlPi-iO.
845 412 1030 452 GETA.

199 539 292 657 N

435 624 581 687 pediat
615 621 711 676 effe,

317 565 344 595 o
365 565 384 594 s
407 566 439 593 τ
463 565 490 593 R
514 566 538 593 A
560 565 582 593 P
605 566 637 594 τ
659 567 682 594 ε
727 548 856 614 culpa
888 549 1096 604 facimus.
1138 561 1185 600 vt
1219 553 1358 601 malos
1381 571 1448 605 ex*

200 705 324 749 Dum
349 702 536 746 nimium
559 700 734 748 dicinos
747 700 891 748 bonos
904 699 1128 750 studemus
1152 704 1448 767 etbenignos:

197 779 265 826 Ita
289 776 456 836 fugiaS,
498 792 555 822 ne
578 787 751 842 praeter
785 777 933 831 casam,
968 779 1090 842 quod
1114 781 1261 828 aiunt:
1295 799 1445 833 nonne

300 851 347 898 id
371 852 427 898 sat
447 863 550 904 erat,

201 929 415 991 Accipere
450 928 502 974 ab
536 926 613 976 illo
638 928 878 978 iniuriam?
918 932 1049 982 etiam
1079 928 1367 994 argentum'st
1387 934 1448 986 vl-

298 1014 369 1054 tro
393 1000 633 1057 obiestum,

68 1224 206 1269 silentii
244 1223 441 1277 promiffio
478 1223 557 1266 esse
589 1226 725 1267 debet.

1322 1091 1450 1153 5Vt

838 1240 862 1280 3
897 1227 958 1267 Ita
968 1226 1124 1282 fugias,
1154 1242 1199 1268 ne
1222 1221 1375 1282 praeier
1393 1246 1451 1273 ca-

70 1295 130 1323 res
152 1283 257 1320 enim
279 1283 354 1321 alio
367 1283 475 1333 paeto
487 1281 731 1336 fortassepos-
774 1281 881 1339 [ατη]
912 1284 1184 1332 Prouerbium,
1218 1288 1280 1326 Ita
1293 1288 1444 1342 fugito,

70 1337 115 1378 fit
137 1335 306 1391 agnosci,
328 1339 420 1389 quid
444 1338 483 1377 id
505 1339 642 1377 nobis?
663 1353 732 1378 no-
782 1355 827 1380 ne
844 1354 994 1393 praeter
1013 1342 1143 1391 caſsem.
1200 1345 1285 1382 Hoc
1305 1343 1368 1392 est,
1396 1358 1449 1383 ne

71 1393 181 1435 stram
215 1395 512 1434 taciturnitatem
544 1395 730 1437 debemus
777 1408 1004 1448 praetereas
1041 1400 1333 1448 (praetermittas
1361 1398 1447 1446 ΜΡ),

72 1451 258 1505 polliceri.
316 1453 358 1490 E.

130 1509 202 1545 Pro
224 1506 383 1551 Audies,
418 1516 457 1545 vt
488 1501 606 1543 versui
642 1519 730 1546 con-

72 1557 216 1601 sulatur
236 1592 245 1610 ,
307 1574 459 1612 repone
507 1564 732 1607 Audzemus;

74 1628 149 1657 tam
173 1631 276 1668 quae
297 1629 335 1656 tu
348 1630 480 1664 exme,
505 1630 620 1667 quam
632 1631 734 1670 quae

74 1686 124 1712 ex
162 1687 226 1713 me
271 1685 309 1712 te
346 1687 423 1727 ego
457 1673 592 1713 audire
630 1676 736 1729 cupi-

72 1742 170 1771 mus.
229 1733 270 1770 Β.

130 1798 147 1826 1
201 1783 398 1838 Nostrapte
450 1784 574 1839 culpa]
627 1787 736 1827 Haec

75 1844 202 1884 Scena
229 1842 341 1882 rei-ba
380 1853 490 1881 tenet
521 1842 735 1895 Demipho-

76 1898 136 1940 nis
149 1899 394 1946 reuertentis,
416 1899 660 1950 posteaquam
674 1899 737 1937 da-

76 1965 158 1994 tum
179 1954 232 1995 est
250 1966 470 2006 argentum.
515 1956 647 1995 Nostra
661 1953 736 2005 ipsa

79 2011 192 2061 culpa
214 2009 391 2058 facimus,
425 2012 474 2052 vti
503 2012 593 2053 mali
614 2013 736 2050 malos

79 2064 156 2108 esse
176 2067 340 2117 cupiant.
397 2069 439 2106 E.

135 2126 234 2161 Tres
266 2121 381 2160 nostri
414 2124 607 2163 veterrimi
633 2124 736 2164 reRe

80 2177 209 2219 Malis.
242 2178 344 2216 Vide
371 2178 417 2216 ad
439 2181 573 2220 Heaut.
609 2193 668 2225 11,
699 2192 736 2232 4,

83 2239 122 2282 8.
153 2244 192 2273 et
211 2234 373 2273 Maniai.
404 2233 523 2274 Nobis
556 2249 629 2275 non
657 2235 738 2275 ltcet

82 2289 145 2343 «ste
156 2289 398 2340 tamdifirtis.
426 2293 467 2330 Β.
525 2292 738 2331 Caeterum

81 2359 165 2385 non
187 2346 287 2384 male
305 2347 479 2394 Daceria,
509 2346 617 2384 duda
637 2347 736 2386 Cod.

82 2403 196 2455 Regii
237 2403 483 2447 aneiorirate,
526 2401 654 2441 statuit
690 2402 736 2441 ab

82 2457 152 2499 hac
172 2462 296 2498 Scena
328 2458 482 2497 demum
503 2459 737 2511 principium

81 2516 199 2557 Aehis
233 2515 355 2565 quinti
392 2513 469 2555 efl'e
498 2514 738 2562 faciendum,

82 2583 286 2623 propterea
315 2571 420 2622 quod
449 2585 585 2610 omnes
608 2569 740 2624 perso-

83 2641 152 2667 nas
172 2627 220 2666 de
240 2631 364 2667 §cena
384 2625 515 2666 abiisse
535 2626 599 2666 sub
621 2627 740 2669 finem

80 2683 353 2725 antecedentis
377 2683 562 2726 videmus.
615 2687 659 2728 Z.
683 2722 689 2733 ,

784 1452 931 1493 etEdd.
956 1464 1047 1492 ante
1066 1454 1222 1506 steph.)
1246 1454 1364 1494 casam
1393 1468 1449 1495 tu-

784 1522 858 1552 am,
881 1522 980 1559 quae
1004 1508 1046 1547 sit
1066 1509 1133 1548 tibi
1159 1510 1379 1551 turisfimum
1393 1528 1448 1553 re-

785 1565 1042 1616 ceptacnlum.
1100 1569 1181 1605 Aut
1197 1595 1206 1611 ‚
1238 1568 1288 1606 ita
1306 1567 1446 1622 fugias,

785 1633 839 1660 ne
857 1631 1010 1672 praeter
1029 1619 1149 1660 casam
1165 1638 1174 1662 z
1205 1623 1267 1662 vbi
1288 1626 1447 1666 custodi-

785 1678 816 1716 ri
844 1677 985 1728 magis,
1021 1688 1059 1714 et
1082 1677 1276 1728 prehendi
1298 1680 1378 1732 fur,
1411 1696 1450 1722 et

786 1733 955 1772 mul-stari
967 1732 1191 1774 verberibus
1203 1737 1337 1788 potest.
1369 1745 1448 1781 Aut

786 1788 949 1829 verbum
971 1801 1052 1828 erat
1071 1789 1184 1843 ipfius
1207 1793 1370 1834 custodis
1390 1795 1449 1836 fn-

787 1859 869 1885 rem
888 1847 1131 1899 exagitantiS‚
1152 1850 1350 1891 etinterea
1363 1866 1448 1903 pro-

787 1900 975 1948 hibentis,
1007 1915 1059 1940 ne
1082 1915 1174 1944 ante
1194 1903 1312 1946 casam
1335 1907 1449 1947 traus-

787 1969 861 2003 eat,
889 1971 942 1997 ne
963 1959 1002 1998 in
1027 1963 1312 2010 praetereundo
1333 1966 1447 2005 eriam

787 2014 882 2054 inde
899 2015 1042 2065 aliquid
1066 2018 1198 2068 rapiat.
1261 2021 1449 2069 Queritnr

788 2069 917 2116 senex,
943 2068 992 2115 se,
1011 2071 1101 2110 dum
1124 2074 1229 2112 anari
1252 2074 1448 2117 infamiam

787 2126 968 2178 sugeret,
999 2128 1036 2164 in
1061 2128 1160 2167 stum
1184 2131 1449 2180 reprehenflo-

788 2196 880 2223 nem
905 2181 1096 2224 incidiss'e.
1153 2188 1202 2227 D.

843 2293 905 2334 Ita
913 2294 1062 2348 ῥαχίας,
1084 2309 1127 2334 ne
1143 2308 1292 2347 praeter
1311 2299 1447 2357 casiam]

787 2352 831 2388 ln
865 2350 1071 2400 prouerbio
1110 2351 1184 2392 hoc
1216 2354 1290 2394 est:
1324 2354 1450 2408 fugias

789 2407 869 2462 nen
891 2417 982 2445 ante
999 2404 1130 2455 casam,
1153 2407 1229 2450 {ed
1252 2412 1291 2450 in
1313 2401 1448 2456 castini.

788 2463 943 2500 Etenim
962 2461 1117 2502 stultum
1130 2464 1193 2513 est,
1206 2471 1302 2507 vum
1316 2472 1449 2510 auxili—

790 2530 855 2558 um
889 2517 1030 2558 habere
1059 2521 1192 2571 possm,
1224 2535 1316 2564 ante
1345 2528 1448 2569 illam

790 2572 950 2625 sugere,
986 2589 1064 2614 non
1098 2577 1282 2618 inillam:
1316 2584 1449 2634 vtique

793 2632 899 2669 enim
919 2631 1102 2671 auxilium
1125 2645 1214 2672 triae
1235 2637 1370 2677 domus
1386 2639 1449 2680 de.

793 2685 863 2728 bes
884 2698 1036 2743 petere,
1057 2703 1138 2731 non
1158 2692 1340 2734 aiienum.
1373 2699 1414 2738 E.
