1875 3292
424 228 520 262 100

802 217 963 262 ACT.
994 215 1069 261 ΙΙΙ.
1111 216 1303 263 SCEN.
1333 219 1407 265 ul.

561 341 754 398 Quando
776 343 832 388 ita
853 340 946 389 volt
968 341 1122 390 frater:
1158 342 1211 389 de
1233 341 1334 391 istoc
1361 344 1449 410 ipse
1471 345 1643 394 viderit.

558 418 644 467 Sed
666 421 763 481 quis
786 417 871 463 illic
895 415 967 470 est,
992 418 1149 484 procul
1172 435 1305 482 quern
1322 419 1483 471 video?
1505 420 1621 469 estne
1638 425 1791 484 Hegio

465 503 525 560 85
562 493 764 541 Tribulis
786 490 960 540 noster?
998 491 1028 539 fi
1051 493 1144 541 satis
1167 511 1315 548 cerno,
1335 497 1370 542 is
1390 492 1600 544 hercle'st.
1638 498 1748 548 vah!

557 574 712 618 Homo
736 570 897 614 amicus
920 569 1046 616 nobis
1066 572 1150 615 iarn
1171 568 1273 616 inde
1295 587 1318 616 a
1336 586 1502 636 puero:
1542 575 1603 620 Di
1625 573 1753 621 boni!

558 649 659 693 Nae
685 643 916 690 illiusmodi
934 645 1019 690 iam
1043 645 1170 691 nobis
1195 661 1351 706 magna
1378 648 1544 694 ciuium

557 713 795 767 Penuria'st
808 754 820 772 ,
854 719 992 766 homo
1014 722 1191 783 antiqua
1212 722 1372 768 virtute
1390 738 1438 769 ac
1459 720 1567 769 fide:

557 798 683 843 Haut
705 796 791 843 cito
810 794 912 841 mali
931 794 1038 859 quid
1058 807 1206 843 ortum
1227 813 1278 844 ex
1302 797 1388 845 hoc
1407 794 1458 844 fit
1483 796 1674 863 publice.

422 1019 482 1071 pit
510 1017 564 1069 (A
581 1014 749 1056 filicione
765 1009 899 1066 fratre
917 1014 1081 1069 accepit)

422 1085 466 1113 et
484 1074 574 1112 ideo
587 1082 711 1124 tenet,
728 1072 829 1110 Nam
844 1070 967 1111 ambos
978 1085 1081 1110 cura-

421 1144 475 1179 re,
491 1129 755 1182 propemodum
775 1127 956 1181 repofiere
972 1128 1018 1180 est
1040 1126 1081 1168 il-

423 1186 511 1234 lum,
539 1198 643 1238 quem
662 1183 804 1234 dedisti.
857 1186 908 1224 D.

473 1245 580 1294 Lege
599 1251 640 1280 et
661 1240 867 1293 distingue,
898 1237 1005 1279 Illum
1023 1251 1082 1278 cu-

422 1311 492 1336 ro:
521 1310 636 1337 vnum
662 1295 753 1337 illud
779 1296 828 1335 ad
854 1309 907 1335 me
930 1299 1079 1336 attinet.

422 1364 464 1394 vt
482 1351 592 1407 supra
606 1365 756 1406 1,1‚24.
775 1360 815 1394 et
825 1364 852 1401 1,
863 1363 901 1401 2,
913 1365 977 1407 50.
1007 1356 1050 1394 B.

478 1472 532 1518 84
560 1464 660 1519 Qeis
678 1458 752 1503 illic
778 1462 842 1516 est,
873 1472 978 1516 quem
994 1471 1081 1516 pro·

421 1520 480 1561 cul
495 1521 623 1562 video?
655 1521 745 1572 estne
764 1521 904 1575 Hegio]
937 1522 1080 1560 Inuen-

421 1588 460 1617 πα
484 1576 592 1616 causa
615 1576 679 1625 est,
699 1590 764 1615 cur
786 1590 866 1615 non
879 1576 989 1615 abeat
1001 1576 1078 1615 De·

417 1646 518 1677 mea,
538 1644 698 1684 propter
718 1633 904 1683 reliquam
925 1631 1081 1672 fabulae

418 1700 593 1741 partem:
625 1698 665 1726 et
682 1686 900 1726 fimulalind
913 1686 1077 1736 additur,

418 1757 497 1795 quo
523 1743 761 1796 indignetur.
818 1745 928 1782 Bene
948 1753 1078 1782 antem

417 1800 580 1849 dubitat,
610 1810 649 1838 et
666 1798 849 1840 familiam
864 1799 1040 1837 inueniat
1061 1802 1077 1819 ⁰

417 1857 557 1903 ciuem,
578 1867 617 1895 et
637 1856 799 1894 multum
812 1849 942 1894 absens
953 1868 972 1892 a
985 1863 1078 1894 con.

417 1910 550 1964 speRu
563 1912 705 1950 ciuium
731 1912 801 1962 (Et
813 1911 898 1949 bene
908 1909 1076 1956 dubitat,

417 1982 469 2008 an
479 1968 712 2019 fizmiliarem
731 1966 855 2006 videat
868 1969 991 2015 ciuem,
1003 1966 1077 2019 iPfi

417 2023 576 2064 multum
601 2023 724 2074 abſsns
750 2037 773 2062 a
800 2022 989 2077 cotgffiec'ita
1023 2023 1077 2062 ci·

419 2082 554 2132 aium).
610 2083 659 2120 D.

472 2138 593 2192 Hegio
615 2133 762 2176 tribulis
778 2133 897 2185 noster
907 2131 943 2188 2]
969 2136 1078 2178 Con·

417 2204 557 2233 uentus
574 2193 650 2231 iarn
660 2206 680 2230 a
692 2193 800 2239 Geta,
821 2188 950 2230 seruus
963 2191 1077 2241 (Con-

416 2262 548 2289 ucmus
567 2251 643 2287 iam
663 2261 685 2285 a
707 2247 800 2286 Geta
817 2246 934 2298 seruo
951 2248 1075 2302 Hegio

416 2308 476 2356 Z.)
505 2305 641 2343 dolore
661 2303 713 2344 est
725 2314 949 2345 commotus,
969 2303 1074 2354 quod

417 2374 463 2400 ea
483 2360 587 2415 <filia
605 2361 738 2400 simun
759 2361 818 2411 z>
847 2350 978 2398 omma
996 2372 1076 2398 me-

420 2419 599 2456 retricem
634 2417 767 2467 rapuit.
830 2413 987 2455 Tribulis
1012 2428 1074 2454 au-

421 2484 498 2509 tem
520 2471 714 2521 fignificat,
737 2485 785 2510 ex
804 2471 940 2510 cadem
961 2471 1073 2520 tribu,

419 2526 492 2568 hoc
511 2531 574 2568 vlt,
598 2542 643 2565 ct<
669 2528 805 2566 eadem
825 2528 935 2565 curia.
976 2531 1019 2567 E.

475 2586 616 2634 Aptior
636 2580 752 2621 versui
778 2583 978 2622 collocatio
1006 2581 1071 2631 est,

418 2652 520 2690 quae
547 2639 599 2676 cst
629 2639 665 2675 in
691 2638 819 2677 anb.
840 2650 878 2678 ct
898 2640 1069 2688 Donato,

414 2695 531 2753 Qem
550 2695 653 2736 vulco
670 2693 811 2748 procul.
868 2697 908 2736 Β.

1720 888 1787 936 90

1187 1022 1239 1068 ες
1266 1012 1404 1056 Versus
1427 1017 1547 1072 gratia
1568 1013 1708 1069 sequor
1736 1019 1790 1057 le-

1130 1071 1298 1112 &ionem
1343 1073 1443 1113 (lod.
1492 1073 1701 1122 Peuenfis,
1750 1075 1790 1114 15
1858 1102 1860 1105 .

1129 1129 1257 1169 hercle.
1286 1129 1379 1173 vah!
1413 1139 1452 1168 vt
1471 1128 1572 1169 infra
1591 1144 1644 1177 iv,
1664 1143 1701 1178 2,
1723 1143 1786 1185 39.

1132 1186 1266 1225 Verum
1287 1185 1414 1224 hercle.
1443 1185 1537 1225 vah!
1596 1188 1637 1226 B.

1187 1248 1240 1294 87
1270 1242 1355 1280 Nae
1373 1240 1574 1293 illiufinodi
1592 1244 1666 1280 iam
1684 1239 1790 1281 nobi:

1128 1310 1262 1352 magna
1273 1299 1410 1337 ciuium
1427 1302 1580 1350 penuria
1591 1298 1655 1352 est]
1686 1298 1787 1345 Nae,
1814 1307 1820 1312 ·
1874 1345 1875 1362 ¹

1129 1353 1253 1393 valde.
1315 1353 1529 1406 Illiufinodi]
1562 1351 1789 1395 Cuiusmodi

1128 1409 1182 1449 est
1201 1409 1352 1463 Hegio,
1387 1410 1426 1449 id
1448 1410 1522 1457 est,
1552 1411 1685 1461 qualis.
1741 1413 1789 1451 Et

1128 1478 1271 1519 magna
1290 1471 1454 1514 οἰκονομίᾳ
1473 1464 1589 1505 senex
1601 1467 1788 1513 laudatur,

1129 1533 1170 1561 vt
1196 1521 1443 1574 postulationi
1471 1523 1553 1562 eins
1577 1521 1701 1562 statim
1723 1521 1790 1562 ad·

1129 1577 1170 1618 fit
1193 1577 1298 1617 fides.
1355 1581 1404 1619 D.

1184 1634 1269 1673 Nae
1294 1633 1491 1685 illiusmodi
1519 1632 1615 1688 iam]
1654 1636 1788 1674 Bonae

1129 1690 1279 1728 virtutis
1301 1689 1501 1729 homiuem
1524 1702 1611 1727 cum
1631 1690 1785 1737 videret,

1128 1744 1223 1784 dixit
1259 1740 1473 1784 huiusmodi
1508 1744 1686 1784 homines
1711 1747 1787 1786 iam

1126 1800 1168 1839 in
1181 1802 1334 1840 ciuitate
1354 1815 1434 1839 non
1455 1796 1542 1840 esse.
1600 1802 1788 1853 lgiturta-

1125 1852 1220 1896 lium
1243 1858 1412 1896 virorum
1433 1867 1472 1895 et
1490 1856 1786 1911 ciuiummagna
1842 1852 1865 1908 J

1126 1913 1242 1953 nobis
1262 1912 1314 1952 est
1334 1913 1474 1965 inopia.
1530 1915 1572 1952 E.

1181 1968 1404 2009 Secundum
1424 1966 1567 2007 nostros
1580 1980 1716 2009 omnes
1727 1982 1786 2009 re-

1127 2037 1235 2078 pone
1254 2026 1396 2081 Magna
1417 2023 1532 2064 nohis.
1589 2028 1630 2065 B.

1183 2087 1232 2131 88
1277 2082 1464 2123 Deleatur
1494 2081 1636 2129 Homo,
1675 2081 1782 2133 quod

1124 2135 1274 2175 versum
1302 2148 1463 2184 onerat3
1491 2147 1531 2174 et
1560 2136 1695 2187 putide
1719 2137 1782 2178 hic

1125 2194 1291 2240 iteratur,
1313 2207 1404 2234 com
1419 2193 1536 2232 altero
1554 2192 1692 2232 abhinc
1703 2207 1786 2234 vet·
1854 2207 1856 2214 ¹

1124 2242 1164 2288 su
1193 2246 1445 2300 praecess‘erit.
1502 2249 1605 2288 Nim.
1628 2251 1669 2289 in
1698 2263 1782 2289 ver·
1852 2267 1854 2286 ς

1124 2303 1182 2343 bis
1221 2304 1370 2344 Cinium
1407 2302 1600 2354 illiusmodi
1629 2316 1700 2345 etc.
1738 2307 1782 2346 in

1122 2359 1265 2412 quibus
1302 2360 1434 2412 Hegio
1482 2359 1782 2413 comprehensus
1848 2362 1852 2407 ξ

1122 2430 1251 2467 aeque
1286 2417 1484 2465 laudatur,
1525 2430 1568 2456 ac
1608 2417 1632 2456 fi
1663 2417 1782 2458 addas
1846 2452 1849 2470 Α,

1122 2473 1254 2512 nomo.
1310 2475 1352 2512 B.
1583 2500 1587 2503 -

1177 2536 1228 2580 89
1260 2528 1361 2567 llam
1387 2530 1459 2568 cim
1489 2527 1577 2568 mali
1603 2530 1694 2582 quid
1718 2543 1779 2568 or·
1850 2572 1851 2578 ἵ

1121 2596 1198 2623 tum
1227 2599 1272 2623 cx
1300 2585 1370 2623 hoc
1383 2582 1438 2634 fit
1449 2583 1608 2637 publice]
1640 2587 1778 2625 Vtrum

1120 2638 1193 2679 hoc
1216 2642 1381 2689 optantis
1399 2640 1474 2688 est,
1498 2652 1550 2679 ne
1569 2642 1778 2682 moriatur?
1842 2653 1843 2657 ’

1118 2709 1168 2735 nn
1188 2695 1240 2736 en
1259 2696 1513 2741 testimonium
1533 2697 1633 2737 vitae
1655 2694 1776 2736 homi·
1840 2694 1842 2697 ’
1872 2695 1873 2698 ’

1699 2753 1774 2799 ω’»,
1837 2804 1839 2812 y
