1875 3292
505 48 511 73 δ

840 183 1004 231 ACT.
1033 182 1094 230 V.
1134 180 1329 229 SCEN.
1357 183 1432 230 111.

451 191 550 251 384

586 316 682 372 Qui
700 312 764 364 ob
782 328 878 361 rem
897 309 1063 358 nullam
1082 308 1208 365 misit,
1239 308 1394 360 frustra
1417 310 1492 360 vbi
1515 321 1661 364 totum
1683 311 1826 392 desedi

583 391 851 533 Mycilxiiiiin
880 463 1098 530 hospitem
1129 462 1237 511 dum
1265 461 1465 530 exspesto
1496 465 1544 512 in
1572 482 1669 513 arce
1696 464 1829 526 Calli-j
1871 504 1875 507 Α

686 541 921 590 demidem.
1677 585 1680 589 ,

584 623 738 683 Itaque
773 619 953 681 ineptus
975 615 1111 664 hodie
1131 614 1240 663 dum
1259 615 1348 663 illic
1379 614 1527 670 sedeo,
1573 627 1622 666 vt
1643 616 1825 682 quisque

442 796 445 802 >
516 786 548 837 ς
586 702 882 818 Αςοέεῗὲὶῗζῐῖξζ
923 766 1232 822 Adolescens‚'
1259 767 1438 816 dicdum
1477 767 1659 833 quaeso»
1693 785 1741 817 es
1774 778 1828 816 tu

684 841 923 907 Myconius
938 843 958 889 ?

586 925 701 971 Non
739 920 847 966 sum.
891 930 932 965 at
965 918 1302 967 Callidemides?
1351 935 1462 968 non.
1501 919 1720 986 hospitem
1756 937 1826 969 ec·

688 1011 822 1059 quem
843 996 1127 1060 Pamphilum

585 1073 678 1122 Hic
697 1069 865 1118 habes?
899 1086 1053 1117 omnes
1088 1069 1331 1133 negabant:
1367 1087 1515 1137 neque
1539 1087 1643 1119 eum
1672 1088 1823 1137 quem·

686 1163 820 1210 quam
837 1142 921 1192 effe
944 1144 1147 1194 arbitror.

586 1224 796 1286 Denique
821 1221 969 1271 hercle
989 1223 1076 1272 iam
1096 1222 1292 1290 pudebat
1305 1242 1321 1277 ε,
1351 1224 1454 1272 abii.
1492 1223 1563 1272 sed
1595 1223 1702 1289 quid
1722 1227 1825 1272 Bac-

688 1297 865 1349 chidem

452 1521 559 1572 sunt;
589 1524 640 1572 et}
656 1523 743 1562 iure
760 1518 826 1562 hic
843 1531 972 1574 partus
989 1519 1114 1564 fastus

451 1582 497 1621 fit
526 1583 560 1620 X
587 1578 792 1619 mensium.
848 1583 893 1621 E.

505 1635 638 1675 Bemb.
661 1646 700 1673 et
722 1634 835 1673 nostri
860 1636 1111 1675 melici-esre·

451 1692 512 1731 &e
533 1691 678 1729 habent
698 1691 803 1730 Preti
824 1704 894 1740 pro
907 1693 1039 1731 Pretii.
1069 1693 1109 1729 B.

511 1760 534 1787 2
571 1745 725 1796 Frustra
755 1744 818 1784 vln·
843 1757 964 1785 totum
991 1746 1110 1795 desedi

452 1802 564 1856 diem]
598 1801 715 1840 Deest
736 1800 852 1840 Illuc.-
882 1813 918 1840 vt
936 1801 988 1849 fit,
1019 1802 1111 1839 illue

450 1861 514 1899 vbi
539 1857 668 1898 trustra
689 1867 810 1895 totum
839 1856 967 1897 desedi
991 1856 1107 1896 diem.

450 1916 587 1956 Totum
616 1912 734 1965 desedi
765 1914 878 1967 diem]
920 1916 1020 1952 Nota
1047 1925 1111 1952 ac-

453 1971 622 2012 cusatiuo
645 1966 727 2008 casu
749 1967 854 2008 vsum
880 1966 967 2010 esse.
1010 1972 1056 2010 D.

509 2041 532 2082 3
566 2028 789 2076 Mycomum
818 2024 996 2078 hospitem
1026 2027 1110 2065 dum

450 2084 638 2135 exspecto]
679 2082 907 2123 Memuriter
941 2093 981 2121 et
1018 2083 1112 2135 vigi—

452 2142 576 2179 lanter
606 2137 734 2178 seruus
765 2139 998 2190 Myconium
1029 2135 1109 2176 hos-

451 2199 577 2249 pitem
604 2207 642 2235 et
664 2194 960 2235 Callidemidem
988 2195 1106 2234 dixit:

452 2266 506 2292 ne
533 2252 727 2291 videretur
755 2251 1016 2304 negligentia,
1050 2250 1110 2290 vel

454 2310 656 2347 obliuione
674 2305 735 2346 sua
754 2321 836 2345 non
850 2304 1110 2355 inueniss'e,ad

452 2378 571 2416 quem
602 2360 731 2402 missus
762 2362 827 2402 est.
895 2365 1111 2413 Myconium

453 2420 648 2474 hospitem]
681 2422 788 2459 Bene
807 2417 1020 2458 ostenditse
1035 2432 1113 2458 me-

453 2489 602 2515 morem
629 2486 666 2515 et
694 2475 889 2528 {ignorum
921 2487 960 2515 et
987 2475 1112 2514 nomi-

452 2545 560 2580 num,
589 2542 626 2568 vt
654 2531 827 2570 videatur
854 2545 943 2571 vere
963 2528 1105 2580 illusus,

450 2601 572 2639 quum
595 2601 751 2638 operam
771 2587 937 2627 dederit.
994 2591 1041 2628 D.

509 2656 535 2694 4
569 2643 696 2695 Itaque
719 2642 877 2694 ineptus]
907 2644 1110 2684 Moraliter

451 2697 627 2738 additum
671 2700 828 2750 Ine-ptus.
869 2710 908 2743 et
942 2702 1104 2755 Impm,

453 2754 556 2808 quafi
575 2756 747 2808 maptus.
800 2759 854 2799 D.

1751 1374 1825 1424 Ab

1217 1521 1353 1564 Lefflo
1373 1520 1592 1578 Qisquam,
1619 1534 1691 1574 pro
1709 1518 1825 1576 Qifi

1162 1593 1241 1634 que,
1264 1594 1379 1632 quam
1392 1580 1471 1618 duo
1483 1578 1594 1619 Codd
1619 1577 1822 1624 exhibent,

1162 1648 1202 1675 et
1220 1636 1267 1675 ad
1288 1634 1436 1674 versum
1463 1648 1502 1674 et
1521 1634 1569 1674 ad
1590 1632 1821 1674 sententiam

1162 1692 1404 1730 commodior
1422 1690 1486 1729 est.
1546 1692 1587 1728 B.

1217 1758 1240 1801 ς
1271 1745 1496 1797 Adohfims,
1527 1745 1684 1792 dicdum,
1713 1757 1821 1797 quae·

1151 1801 1215 1856 so]
1261 1803 1475 1843 verniliter
1513 1810 1553 1840 et
1594 1801 1744 1840 comice
1782 1800 1822 1840 se

1161 1853 1286 1910 ipsum
1318 1855 1450 1897 seruus
1481 1858 1657 1896 imitatur.
1697 1868 1736 1896 et
1766 1857 1822 1897 est

1160 1922 1302 1960 μίμησις,
1382 1913 1434 1953 Es
1478 1926 1519 1952 tu
1565 1913 1821 1968 Mycmziuff]

1161 1972 1259 2011 Nam
1288 1982 1324 2009 vt
1355 1972 1426 2009 tria
1455 1968 1635 2008 mandata
1661 1966 1746 2007 sunt
1766 1969 1822 2008 in-

1161 2027 1372 2078 quirenda,
1414 2027 1482 2066 tria
1518 2024 1697 2077 inquifita
1730 2022 1822 2065 sunt

1161 2084 1313 2123 ordine.
1370 2086 1420 2124 D.

1212 2142 1272 2180 Ne
1293 2137 1417 2178 versui
1437 2137 1530 2177 defit
1549 2134 1703 2190 syllaba,
1729 2137 1822 2191 lege

1165 2196 1260 2236 Tmz’
1301 2209 1337 2235 es
1375 2196 1604 2244 Myconius?
1650 2191 1822 2246 praeser-

1160 2253 1230 2291 tim
1253 2264 1340 2291 cum
1362 2264 1458 2292 vnns
1488 2249 1571 2289 cod.
1595 2248 1735 2289 habeat
1764 2251 1820 2289 Ta

1160 2323 1206 2348 ex.
1262 2312 1300 2348 B.

1215 2375 1242 2416 7
1284 2366 1415 2403 Omnes
1462 2361 1665 2418 negabam]
1707 2364 1818 2402 Bene

1160 2420 1288 2461 transit
1314 2436 1334 2460 a
1361 2422 1524 2466 μιμητικῷ
1551 2419 1598 2458 ad
1626 2423 1819 2464 διηγηματι-

1161 2477 1239 2524 ndu,
1267 2489 1304 2516 et
1330 2474 1507 2520 συντόμως.
1568 2474 1696 2527 Neque
1719 2475 1817 2513 enim

1159 2545 1378 2586 quemquam
1396 2532 1458 2584 effe'
1477 2528 1667 2584 arbitror]
1696 2528 1738 2569 1d
1751 2528 1817 2575 est,

1159 2601 1243 2627 non
1281 2601 1375 2641 puto
1412 2601 1506 2629 eum
1532 2583 1609 2627 effe
1636 2586 1678 2625 iu
1704 2597 1819 2624 mun·

1158 2644 1222 2684 do.
1282 2649 1331 2686 1).

1215 2706 1237 2749 8
1269 2701 1347 2740 Iam
1359 2698 1539 2754 pudebat]
1569 2695 1736 2752 Sedere,
1763 2710 1816 2741 ιη

1155 2755 1423 2813 westegata?
1477 2757 1527 2802 D.
