1875 3292
428 229 523 288 378

1225 52 1243 73 1,

820 216 980 263 ACT.
1011 215 1067 261 V.
1108 211 1300 261 SCEN.
1333 212 1385 261 11.

561 343 603 396 B
615 358 664 392 A.
695 342 886 392 Ancillas
906 342 1044 392 dedo:
1082 357 1174 407 quo
1192 338 1316 388 lubet
1333 340 1526 388 cruciatu
1546 352 1628 405 per
1639 352 1711 384 me
1722 352 1790 385 ex-

659 423 801 486 quire.

555 502 684 549 Haec
703 513 772 544 res
793 497 864 544 hic
886 497 1046 557 agitur,
1065 492 1300 559 Pamphilo
1315 506 1392 540 me
1406 490 1562 544 facere,
1598 500 1646 539 vt
1665 488 1791 537 rede-

657 586 700 621 at
727 591 849 625 VXOI',

557 653 774 715 Oportet:
811 646 931 711 quod
949 644 979 692 fi
1002 642 1199 712 perficio„
1221 662 1313 693 non
1335 643 1533 708 poenitet
1545 656 1616 688 me
1630 628 1790 690 ffamae:

463 745 482 777 1
493 746 523 777 0
554 726 700 775 Solam
709 721 831 772 feciff
827 740 849 771 e
863 722 1045 788 id‚quod
1054 722 1159 770 aliae
1171 722 1420 769 meretrices
1433 718 1571 765 facere
1583 716 1790 779 fugitant.

425 939 541 968 curae
572 926 661 967 Diis
697 922 779 965 effe
809 924 955 979 dignae
984 920 1083 963 sunt.

422 987 472 1026 Et
505 983 560 1023 est
591 988 798 1030 ἀμφιβολία,
835 993 938 1034 quae
969 977 1080 1020 sensu

421 1038 625 1082 manifesta
642 1038 708 1078 est.
765 1040 815 1079 D.

473 1165 504 1205 7
535 1148 700 1191 Ancillas
730 1149 838 1200 dedo]
864 1147 1083 1198 Repudiato

422 1207 675 1250 iureiurando
695 1207 742 1247 ad
763 1206 865 1247 aliud
887 1202 1016 1244 tranfit
1026 1202 1083 1242 fir-

422 1267 523 1306 mins
562 1263 852 1303 documentum.
907 1257 1086 1313 Qolibet

423 1322 592 1361 cruciatu
620 1332 692 1373 per
720 1332 773 1358 me
799 1316 969 1370 exquire]
1010 1315 1084 1355 Per

423 1393 492 1425 me,
522 1376 596 1415 hoc
616 1376 690 1424 est,
728 1389 792 1415 me
809 1375 1084 1425 permittente:

422 1446 462 1474 vt
482 1432 588 1486 quod
614 1445 682 1484 per
699 1432 830 1484 legem
852 1429 924 1469 tibi
945 1442 1026 1468 non
1044 1428 1086 1467 li-

424 1500 506 1537 cet,
542 1502 612 1542 per
649 1500 712 1527 me
747 1489 868 1526 liceat.
925 1486 998 1524 Per
1028 1498 1087 1524 me

424 1559 544 1599 erge,
581 1557 649 1584 me
675 1545 833 1584 auctore
859 1552 898 1582 et
930 1541 1085 1595 permit.

424 1614 545 1645 rente.
602 1605 652 1642 D.

480 1720 504 1762 8
537 1712 637 1751 Haec
663 1722 719 1748 rer
746 1709 806 1748 hic
825 1707 974 1762 agetur]
1005 1709 1086 1746 Aut

424 1769 472 1810 {ic
495 1765 798 1820 intelilgendum
818 1763 881 1812 est,
907 1761 1008 1813 quari
1028 1762 1083 1800 di·

424 1837 501 1873 cat,
538 1826 623 1864 Hoc
653 1820 866 1875 agebamus
894 1832 1014 1870 quum
1046 1828 1085 1856 tu

427 1881 657 1924 aduenire33
700 1888 765 1916 aut
787 1889 874 1914 cum
899 1871 1084 1914 affeuera·

426 1940 539 1977 tione
569 1932 909 1988 pronunciandum
935 1930 1008 1977 est,
1044 1941 1083 1968 vt

425 1994 469 2033 [it
505 1995 575 2032 Res
610 1992 778 2029 veritas:
828 1986 930 2039 quasi
967 1986 1081 2034 dicat,

425 2051 502 2092 Hic
531 2062 610 2087 non
645 2046 758 2085 verba
783 2043 889 2091 sunt,
927 2040 990 2082 sed
1021 2054 1082 2081 res

426 2108 563 2160 agitur.
622 2104 722 2142 Ilaec
755 2115 812 2140 res
851 2100 909 2139 hic
937 2098 1080 2153 agitur]

424 2159 637 2213 Propulitio
662 2171 798 2198 eorum
819 2169 917 2207 quae
935 2156 1081 2194 diciura

424 2219 500 2263 ost.
536 2218 607 2256 hoc
627 2215 768 2262 modo,
800 2216 906 2253 Haec
937 2224 996 2250 res
1019 2210 1082 2249 liic

428 2276 566 2328 agitur.
609 2285 710 2323 quae
745 2269 830 2311 res?
880 2267 1083 2319 Pamphilo

427 2345 491 2369 me
502 2329 638 2373 facere,
661 2339 699 2366 vt
713 2326 841 2366 redeat
856 2337 961 2371 vxor,
973 2336 1084 2375 opor-

426 2397 500 2424 tet:
528 2384 630 2436 quod
652 2384 675 2423 Γι
696 2381 867 2435 perficio,
892 2395 972 2419 non
993 2391 1085 2431 poe·

429 2443 528 2480 nitet
556 2454 618 2479 me
645 2439 789 2485 famae,
820 2436 932 2475 solam
955 2433 1085 2475 seciss'e

429 2497 480 2545 id,
501 2497 603 2546 quod
628 2497 722 2534 aliae
745 2495 964 2533 meretrices
986 2492 1085 2531 sace-

431 2566 474 2592 re
502 2551 683 2604 fugitant.
740 2552 861 2590 Multa
880 2550 1087 2588 Terentius

430 2609 593 2647 feliciter
613 2603 719 2644 ausus
747 2607 820 2653 est,
855 2617 938 2646 arte
956 2605 1087 2644 fretus.

430 2669 528 2704 Nam
552 2676 586 2702 et
611 2661 733 2700 socru5
759 2663 888 2707 bonas,
906 2673 944 2699 et
966 2671 1089 2699 mere-

431 2723 545 2761 nicer
569 2717 719 2758 honesti
733 2717 905 2769 cupidas,
924 2726 1089 2770 praeter·

1689 795 1792 839 LA.

1130 934 1249 974 quam
1266 919 1547 973 pei-uulgatum
1567 915 1642 964 est,
1673 913 1785 956 facit:

1131 977 1196 1018 sed
1230 988 1337 1017 tanta
1364 975 1562 1030 vigilantia
1593 969 1789 1012 causarum

1130 1046 1171 1075 et
1199 1035 1390 1074 rationum
1418 1040 1617 1071 momenta
1636 1026 1790 1068 subiun-

1131 1093 1199 1145 git,
1228 1101 1265 1129 vt
1285 1091 1323 1130 ei
1345 1086 1413 1128 soli
1429 1088 1567 1128 merito
1587 1085 1790 1126 videantur

1136 1148 1267 1186 omnia
1287 1147 1420 1186 licere.
1478 1147 1581 1186 Nam
1605 1141 1679 1180 hoc
1699 1153 1806 1180 con--

1135 1215 1190 1243 tra
1227 1203 1329 1243 illud
1356 1200 1429 1249 est,
1468 1198 1574 1252 quod
1600 1197 1686 1238 alibi
1723 1198 1786 1243 air,

1135 1271 1343 1299 commune
1377 1253 1455 1296 effe
1497 1258 1572 1295 iam
1608 1254 1793 1296 omnibus

1134 1316 1305 1358 comicis
1334 1314 1458 1353 bonas
1481 1323 1672 1352 matronas
1694 1309 1792 1350 face·

1133 1386 1188 1422 re,
1207 1372 1430 1411 meretrices
1446 1381 1539 1408 vero
1557 1368 1684 1407 malas.
1713 1367 1769 1406 Dr

1186 1427 1289 1469 Illud
1308 1427 1413 1466 Licet
1437 1425 1485 1465 ab
1513 1425 1625 1464 initio
1652 1421 1792 1473 versus,

1134 1486 1177 1524 in
1202 1482 1435 1524 melioribus.
1455 1481 1560 1521 libris
1589 1479 1693 1519 reete
1725 1477 1788 1519 ab·

1133 1540 1200 1587 est,
1221 1541 1312 1592 quia
1329 1553 1350 1578 a
1370 1536 1475 1578 versu
1490 1535 1688 1590 respuitur.
1716 1535 1756 1574 B.

1186 1609 1213 1650 9
1246 1597 1341 1635 Non
1367 1597 1532 1647 poenitet
1562 1606 1617 1631 me
1637 1589 1788 1643 firmae]

1133 1654 1243 1692 Haec
1258 1651 1380 1704 figura
1399 1650 1530 1692 ›xm-Arne
1552 1648 1700 1686 dicitur.
1720 1649 1790 1686 mi-

1133 1719 1208 1746 nus
1233 1708 1340 1746 enim
1365 1705 1478 1753 dicit,
1507 1717 1623 1754 quam
1652 1700 1790 1754 fignifi-

1133 1774 1202 1801 cat.
1260 1765 1379 1807 Nam,
1420 1761 1513 1800 Non
1543 1762 1702 1811 poenitet
1735 1771 1789 1796 me

1131 1819 1273 1869 fixurae,
1305 1831 1374 1869 pro
1393 1829 1441 1856 eo
1462 1816 1566 1868 quod
1593 1814 1664 1862 est,
1702 1819 1787 1856 Ma-

1132 1888 1250 1926 gnam
1271 1873 1410 1913 samam
1429 1871 1573 1924 cupide
1584 1869 1786 1922 acquifiue-

1132 1933 1229 1976 rim,
1266 1928 1463 1983 fignificat.
1518 1928 1609 1967 Non
1623 1930 1787 1979 poenitet

1131 2001 1185 2026 me
1187 1988 1334 2039 fiimae]
1354 1989 1410 2025 Ne
1421 1997 1705 2037 quaereremus,
1721 1984 1786 2034 qui

1132 2044 1207 2082 hoc
1253 2043 1443 2082 meretrici
1484 2037 1662 2092 prodess‘e
1705 2036 1787 2091 pos·

1132 2098 1196 2139 set.
1252 2101 1298 2140 D.

1184 2158 1255 2195 Pro
1284 2151 1457 2205 Perfici0,
1501 2152 1604 2204 quod
1638 2149 1785 2192 versum

1132 2213 1304 2264 iugulat,
1339 2210 1630 2261 quilcreticum
1660 2210 1719 2247 vel
1748 2209 1785 2247 ei

1133 2281 1264 2322 parem
1294 2266 1437 2317 pedem
1469 2267 1506 2303 in
1543 2263 1694 2305 caesura
1721 2276 1788 2317 po-

1132 2325 1252 2371 stular,
1273 2335 1424 2375 repone
1442 2321 1612 2373 Efficero.
1676 2321 1715 2359 B.

1191 2392 1241 2422 10
1270 2380 1394 2419 Solam
1414 2378 1554 2429 βαι-Πὸ]
1584 2380 1690 2417 Bene
1721 2375 1788 2414 So·

1133 2437 1226 2476 lam:
1259 2449 1310 2474 ne
1332 2432 1489 2474 nescifl'e
1519 2432 1688 2473 officium
1709 2443 1788 2471 mc·

1135 2493 1279 2531 retricis
1307 2494 1422 2530 Poeta
1450 2490 1654 2529 rideretur-1
1720 2486 1788 2525 So·

1135 2548 1205 2587 Iam
1225 2545 1350 2599 fece‘ffi·
1377 2548 1417 2585 id
1442 2548 1543 2599 quod
1567 2546 1659 2583 aliae
1675 2556 1786 2582 mere-

1137 2606 1246 2644 trices
1267 2604 1396 2654 fizccre
1417 2601 1610 2657 jiaegimm]
1642 2599 1681 2639 ld
1719 2597 1785 2646 est,

1138 2657 1400 2700 reconciliass'e
1443 2671 1600 2698 vxorem
1635 2655 1783 2694 marito.

1141 2720 1190 2757 Ι).
