1875 3244
6 3229 8 3244 ἡ
7 2878 9 2881 ,
3 2491 10 2714 -ψ-η-η--ψ-..ὴ
4 2474 6 2478 .

586 152 664 198 IN
703 128 1076 199 HECYRAM.

1414 158 1507 208 ²33

281 287 445 331 Datum
468 281 521 327 iri
539 280 810 342 gladiatores,
833 276 1027 344 populus
1049 274 1274 322 conuolat:

247 419 253 427 .
278 357 641 408 Tumultuantur.
665 357 861 407 clamant.
886 362 1086 418 pugnant
1107 350 1160 396 de
1185 349 1299 396 loco.

279 437 376 495 Ego
401 435 563 479 interea
585 449 732 478 meum
755 449 843 478 non
867 429 993 494 potui
1014 427 1145 474 tutari
1174 424 1336 472 locum.

186 525 245 575 35
282 514 417 556 Nunc
442 509 569 555 turba
588 508 705 554 nulla
727 505 808 553 est:

844 507 984 552 otium
1018 514 1063 550 et
1081 500 1297 549 silentium
1320 497 1393 547 est.

281 585 454 646 Agendi
480 583 785 647 tempus-mihi
813 581 962 629 datum
985 576 1066 626 estz
1101 576 1224 625 vobis
1249 575 1379 624 datut

234 696 236 699 -
278 658 463 707 Potestas
485 657 802 706 condecorandi
828 656 954 702 ludos
978 655 1182 702 scenicos·

279 736 434 783 Nolite
454 734 590 781 sinere
616 752 694 800 per
719 751 795 781 vos
820 744 954 779 artem
975 728 1178 776 musicam

281 811 488 859 Recidere
510 811 563 857 ad
583 827 768 876 paucos:
806 808 946 861 facite,
967 816 1014 855 vt
1038 804 1177 853 vostra
1199 800 1433 852 austoritas

151 1031 445 1088 perturbatione
456 1030 597 1072 faoum
608 1030 660 1072 fit.
718 1031 808 1071 Cum

150 1095 287 1131 interea
316 1102 442 1128 rumor
469 1091 572 1128 venit
603 1089 730 1128 datum
757 1089 809 1128 iri

148 1147 387 1203 gladiatores]
431 1148 517 1186 Hoc
555 1143 742 1184 abhorret
785 1159 807 1184 a

151 1204 277 1242 nostra
306 1199 604 1240 consuetudine:
636 1211 809 1240 verunta-

150 1272 241 1298 men
281 1257 382 1310 apud
412 1258 594 1308 antiquos
627 1257 810 1309 gladiato-

151 1317 261 1355 resin
275 1314 424 1352 theatro
447 1311 726 1366 spefflabantur.
755 1316 804 1354 D.

163 1388 165 1390 ·
208 1384 258 1424 32
298 1370 442 1409 Datum
475 1370 543 1424 iri]
583 1370 731 1408 Datum
758 1370 809 1407 iri

152 1425 260 1474 dixit,
281 1438 318 1465 vt
332 1425 515 1465 {fabulam
537 1424 807 1464 commendet:

153 1494 191 1521 vt
208 1495 247 1521 et
266 1484 396 1521 omnia
418 1480 613 1534 spec‘tatori
633 1493 672 1520 et
682 1494 808 1534 popu·

152 1539 191 1578 lu
211 1539 387 1577 diez-:ntur
459 1542 504 1578 D.

208 1608 260 1647 34
294 1595 384 1632 Non
397 1596 508 1645 potui
533 1595 653 1632 tutari
670 1591 807 1646 Iocum]

151 1654 292 1692 Facete
311 1651 450 1699 repetit
469 1651 594 1688 locum.
652 1653 703 1690 D.

207 1718 257 1758 35
291 1707 404 1745 Nunc
423 1704 534 1744 turba
546 1703 644 1744 nulla
662 1703 727 1758 esf]
750 1703 807 1742 Α’ν-

151 1764 327 1810 ‘fanaticam
357 1762 438 1808 πρὸς
473 1760 515 1799 τὲ
541 1764 635 1814 (ivr)
659 1764 726 1809 τῦ)
754 1774 807 1799 tu·

153 1820 395 1858 mulzuamur.
459 1818 597 1866 Turba,
615 1816 654 1856 id
674 1817 736 1864 est,
759 1813 809 1853 06-

154 1883 259 1920 ςυρὲος.
325 1878 436 1914 Nunc
471 1873 582 1913 turba
620 1873 716 1912 nulla
743 1871 809 1923 est:

156 1945 275 1968 ouum
295 1942 332 1969 et
344 1930 526 1982 silentium
550 1929 616 1982 est]
647 1927 810 1969 Turbam

158 1987 291 2025 retulit
319 1986 365 2024 ad
395 1986 431 2024 id
453 1986 557 2036 quod
578 1983 683 2037 supra
703 1985 810 2032 dixit,

159 2043 310 2082 Clamor
327 2041 525 2080 mulierum.
573 2042 710 2087 Otium,
728 2043 811 2088 πςδς

159 2099 199 2136 τὲ
223 2111 400 2152 pugnant,
419 2097 630 2145 Silentium,
661 2099 743 2144 πςᾰς
769 2097 810 2135 ro*

159 2155 340 2193 Clamant.
421 2155 529 2194 Nunc
567 2154 676 2195 turba
715 2153 812 2194 nulla

159 2210 227 2260 est:
245 2209 598 2262 {22111n1etfi'le11tiu111
613 2211 676 2264 est]
697 2213 813 2259 Quae

160 2266 377 2306 adhortatio
431 2281 502 2319 per
555 2268 811 2306 enumeratio-

160 2336 263 2363 nem.
321 2326 372 2363 D.

215 2377 327 2417 Liber
348 2377 556 2417 Bembinus
575 2389 614 2417 et
635 2377 814 2415 Donatus

162 2436 296 2474 Faerni
319 2435 418 2474 rede
438 2434 582 2474 habent
602 2434 712 2473 Nunc
734 2436 815 2473 tiar-

161 2490 205 2530 lm
226 2503 296 2528 non
320 2489 376 2540 est.
435 2493 475 2529 Β.

217 2550 269 2599 36
307 2546 448 2601 Agendi
477 2557 615 2596 tempus
638 2544 729 2584 mihi
750 2544 814 2583 da-

164 2615 242 2641 tum
261 2602 325 2656 est]
356 2602 414 2642 Ab
434 2601 638 2641 Aedilibus
661 2599 813 2640 scilicet.

167 2658 280 2700 Vobis
316 2659 427 2698 datur
457 2657 615 2711 potestas
644 2658 815 2698 condeco-

1440 899 1505 943 40

857 1026 969 1071 randi
996 1027 1102 1068 ludos
1116 1026 1302 1079 fienicos]
1333 1023 1450 1076 Quafi
1473 1034 1515 1063 et

858 1085 1002 1138 aliquid
1015 1095 1104 1138 agat
1115 1083 1291 1137 populus,
1303 1095 1421 1134 quum
1434 1078 1515 1134 spe-

858 1143 943 1184 ξὶεῑ.
1003 1143 1052 1180 D.

915 1205 964 1252 38
1006 1197 1137 1237 Nolite
1172 1193 1294 1247 finere
1325 1205 1393 1247 per
1426 1192 1514 1247 vos]

859 1257 981 1300 Σχῆμα
1008 1259 1172 1299 διανοίας,
1201 1250 1357 1302 fvj-roem&
1383 1254 1518 1292 ἐπίπλη-

857 1316 918 1358 ξις.
977 1312 1109 1349 Artem
1147 1307 1331 1360 musicam]
1377 1307 1518 1345 Orato-

859 1369 938 1406 rie:
968 1365 1070 1417 quafi
1099 1378 1180 1403 non
1201 1363 1380 1402 Terentii
1406 1358 1517 1401 causa

859 1433 1003 1476 agatur,
1022 1420 1086 1461 sed
1108 1421 1193 1458 artis
1210 1419 1388 1458 muficae.
1416 1421 1466 1458 D.

914 1478 1040 1518 Nolite
1068 1477 1180 1526 linere
1205 1489 1274 1528 per
1305 1489 1373 1515 vos
1401 1487 1517 1513 artem

825 1547 828 1551 ’
858 1534 1028 1583 musicum
1045 1534 1202 1572 recidere
1213 1533 1262 1570 ad
1274 1535 1423 1584 paucos]
1443 1533 1519 1570 Da-

859 1591 1053 1641 te-potius
1093 1601 1249 1639 operam
1285 1599 1324 1626 vt
1354 1586 1518 1626 taueatis

860 1645 1093 1688 Comoedias
1112 1642 1378 1689 scribentibus,
1396 1655 1447 1680 ne
1458 1654 1518 1680 ars

859 1700 1000 1742 mufica
1034 1700 1081 1740 ad
1113 1712 1252 1749 paucos
1280 1708 1518 1739 reuertatur:

859 1769 898 1797 et
935 1757 959 1796 fi
989 1756 1135 1807 aliquid
1166 1754 1410 1801 excludatur,
1444 1754 1519 1794 Co-

858 1814 1041 1854 moediae
1060 1809 1285 1852 adscribant.
1339 1815 1381 1852 E.

914 1883 966 1924 39
996 1870 1125 1909 Facite
1147 1881 1190 1907 vt
1212 1866 1332 1917 vestra
1360 1866 1519 1905 auetori-

860 1940 920 1967 tas
955 1939 1053 1965 meae
1089 1925 1308 1964 auei‘oritati
1346 1924 1519 1962 adiutrix

850 1984 1078 2036 fautrixque
1102 1979 1170 2033 [lt]
1203 1982 1282 2018 Vos
1309 1978 1520 2018 Comoedi-

862 2054 902 2079 as
924 2052 1011 2078 cum
1044 2037 1210 2075 libenter
1231 2035 1364 2074 audire
1382 2047 1520 2085 coepe·

862 2097 962 2142 ritis,
993 2095 1064 2133 erit
1085 2093 1248 2131 studium
1277 2089 1520 2140 scriptoribus

863 2152 1087 2190 maximum.
1120 2148 1222 2187 vnde
1241 2159 1326 2186 mea
1354 2146 1402 2185 ad
1420 2147 1522 2184 clan-

864 2207 1038 2261 gendum
1059 2207 1309 2258 (pangendum
1339 2203 1404 2240 w.
1436 2204 1521 2240 1³01-

865 2275 905 2301 te
924 2261 1127 2301 clarentium
1153 2262 1212 2310 Z.)
1240 2256 1379 2296 crescet
1397 2259 1522 2297 austo-

864 2320 964 2358 ritas.
1008 2317 1193 2367 liquidem
1221 2315 1326 2354 mulii
1356 2327 1426 2365 per
1456 2328 1522 2353 me

865 2373 1089 2426 placebunt.
1147 2375 1194 2410 Et
1216 2371 1464 2409 commendat
1485 2368 1522 2408 se

866 2430 970 2482 quod
991 2442 1190 2479 nunquam
1211 2428 1379 2479 pretium
1398 2427 1523 2466 statuit

865 2488 954 2526 artis
975 2483 1062 2524 suae
1083 2485 1305 2529 maximum,
1327 2494 1364 2521 vt
1384 2495 1523 2524 auarus

865 2542 1071 2582 videretur.
1101 2551 1138 2579 et
1164 2539 1267 2592 quod
1299 2541 1467 2578 maxime
1496 2541 1525 2576 i·

864 2597 971 2652 psum
990 2597 1186 2649 quaestum
1212 2597 1426 2647 putauerit,
1457 2609 1524 2647 po-

866 2655 958 2709 pulo
979 2651 1130 2706 semper
1148 2653 1314 2706 placere.
1371 2655 1411 2692 b„
