1875 3292
425 225 515 272 162

804 223 1066 270 ACT.1V.
1097 221 1294 270 SCEN.
1327 222 1418 268 VII.

558 345 662 401 DE.
700 351 823 408 Quid
851 368 972 398 nunc
999 347 1279 398 futurum'st?
1316 344 1415 397 Ml.
1449 348 1496 396 id
1527 349 1645 397 enim
1672 350 1794 414 quod

662 444 732 475 res
754 427 842 493 ipsa
865 427 971 475 fert:

558 505 686 554 Illinc
709 503 796 550 huc
818 502 1101 550 transferetur
1121 504 1264 563 virgo,
1302 496 1406 548 DE.
1442 517 1470 548 o
1491 501 1718 566 Iuppiter!

557 579 745 628 Istocine
765 577 895 645 pagio
917 578 1127 644 oportet?
1160 575 1251 623 Ml.
1284 574 1390 640 quid
1411 575 1562 624 faciam
1576 575 1794 642 amplius?

468 671 490 706 Ι
505 673 529 722 5
561 654 610 704 D
624 668 668 706 Ε.
700 656 823 711 Quid
845 654 1005 704 facias?
1036 652 1067 708 fi
1090 670 1182 700 non
1203 651 1291 717 ipsa
1318 668 1367 699 re
1389 651 1469 699 tibi
1494 650 1600 699 istuc
1620 652 1753 704 dolet,

560 731 774 781 Simulare
816 744 932 779 certe
967 728 1027 777 est
1062 730 1272 776 hominis.
1310 726 1412 775 Ml.
1436 729 1560 791 *quin
1592 730 1679 775 iam
1711 729 1796 776 vir·

660 808 809 867 ginem

559 882 809 947 Despondi:
854 899 923 929 res
949 879 1187 947 composita
1210 877 1290 926 est:
1325 876 1439 926 fiunt
1459 880 1662 943 nuptiae:

563 957 715 1006 Demfi
737 969 904 1006 metum
929 973 1124 1005 omnem.
1163 956 1269 1003 haec
1299 957 1436 1016 magis
1464 954 1562 1002 sunt
1586 948 1797 1010 hominis,

659 1031 710 1081 D
727 1047 770 1080 E.
810 1045 1044 1087 caeterum,

563 1109 709 1158 Placet
726 1109 805 1157 tibi
824 1107 1002 1164 faaum,
1026 1108 1196 1157 Micio?
1232 1105 1285 1155 M
1303 1121 1336 1153 1.
1373 1110 1481 1161 non,
1513 1102 1543 1152 {i
1565 1122 1725 1170 queam

494 1343 545 1375 12
575 1329 680 1387 Qid
697 1330 983 1383 nuncfuturum
1000 1327 1095 1385 est?]

436 1391 548 1430 More
579 1386 841 1436 irascentium,
876 1401 992 1439 quum
1016 1384 1097 1437 ipse

437 1444 590 1486 scinerit
619 1444 714 1497 quid
738 1443 907 1484 futurum
933 1443 993 1490 fit,
1024 1443 1097 1485 Mi-

438 1504 593 1542 cionem
615 1503 838 1554 intenogar.
895 1502 944 1542 Et
973 1495 1099 1538 huius-

438 1558 545 1598 modi
579 1559 853 1610 interrogatio‚
885 1554 1097 1596 secundum

439 1614 605 1667 figuram
642 1612 742 1652 suam
780 1627 860 1652 non
900 1613 1018 1652 habet
1043 1624 1100 1651 re-

439 1667 706 1721 sponlionem:
738 1665 799 1708 sed
824 1669 946 1711 Micio
974 1667 1022 1706 fic
1042 1680 1099 1706 re-

439 1724 619 1778 spondit,
660 1723 761 1775 quaii
790 1724 1009 1776 {impliciter
1043 1723 1099 1761 in-

440 1782 624 1834 quirenti.
684 1784 734 1827 D.

503 1849 547 1889 13
599 1833 704 1876 Illinc
744 1834 811 1875 huc
845 1834 1098 1889 transferetur

442 1893 568 1948 virgo]
626 1893 816 1948 Virginem
849 1906 950 1944 quae
983 1893 1098 1931 etiam

443 1963 530 1989 cum
560 1949 639 1988 viro
668 1947 762 1996 suit,
800 1959 921 1990 vocat.
957 1948 1096 2000 virgil.

1737 1199 1798 1232 20

1197 1326 1377 1371 Verbum
1390 1327 1550 1382 Rogitas
1567 1326 1648 1379 post
1659 1326 1804 1373 Facias,

1146 1385 1252 1437 quod
1276 1385 1392 1437 vulgo
1411 1385 1452 1423 in
1466 1382 1594 1425 Codd.
1614 1394 1727 1431 extat,
1747 1395 1805 1422 re-

1146 1442 1205 1481 &e
1232 1443 1273 1480 in
1293 1439 1425 1480 Bemb.
1451 1438 1574 1479 abest:
1606 1453 1699 1479 nam
1726 1452 1806 1480 ver-

1146 1496 1200 1538 sui
1219 1506 1425 1551 repugnat.
1481 1499 1523 1537 B.

1205 1558 1255 1597 16
1284 1552 1466 1595 Simulare
1493 1564 1590 1592 certe
1615 1550 1663 1605 est
1690 1550 1806 1592 homi-

1146 1609 1223 1658 nis]
1256 1612 1348 1650 Non
1374 1608 1448 1648 hoc
1471 1608 1589 1661 dixit,
1616 1609 1708 1702 puia
1736 1607 1805 1647 ho·

1148 1667 1264 1705 minis
1303 1665 1357 1704 est
1390 1665 1569 1704 mentiri:
1631 1664 1681 1703 ed
1715 1665 1806 1714 quia

1147 1720 1262 1772 saepe
1284 1720 1507 1760 iracundiae
1526 1719 1722 1767 simulatio,
1741 1732 1806 1757 cu·

1146 1777 1265 1817 stodia
1288 1775 1514 1827 disciplinae
1535 1774 1599 1814 est.
1653 1777 1703 1816 D.

1207 1845 1257 1886 17
1285 1833 1365 1872 Iam
1399 1835 1579 1886 virginem
1608 1831 1806 1883 despondi:

1149 1904 1206 1929 res
1228 1888 1422 1942 compofita
1439 1887 1505 1939 est:
1517 1885 1620 1938 fiunt
1633 1887 1805 1942 nuptiae]

1149 1950 1209 1988 Ne
1227 1947 1384 1992 diceret,
1405 1944 1590 1996 despondi,
1610 1943 1805 1997 compositi,

442 2007 539 2058 (Ecl.
561 2019 617 2054 vx,
646 2010 734 2060 47.)
765 2004 844 2053 Ab,
878 2007 986 2060 virgo
1008 2006 1099 2057 inse—
1137 2003 1261 2066 fite-io.
1329 2004 1375 2042 Er
1419 2000 1614 2053 despondet
1651 2000 1807 2053 puellam

442 2064 521 2108 lix!
576 2065 623 2102 D.

503 2130 552 2172 14
583 2119 617 2159 Ο
644 2117 828 2171 Iuppiter!
866 2116 1014 2169 iflocine
1039 2127 1102 2169 pa-

444 2175 502 2216 ao
524 2176 724 2229 oportet.?]
757 2175 789 2213 Ο
809 2174 1000 2226 Iuppizer!
1030 2183 1100 2211 tra-

445 2233 534 2284 gice
561 2231 700 2270 adiecit
727 2245 748 2269 a
769 2233 947 2272 Micione
973 2227 1100 2268 versus

444 2287 610 2339 (υκαι-’βας
652 2290 723 2339 Ζ.).
780 2287 932 2339 Istocine
975 2286 1095 2338 ραὲῗο,

444 2344 490 2382 ad
519 2342 637 2396 ipsum
656 2345 874 2387 Micionem
895 2339 1101 2395 respiciens

446 2400 553 2439 dixit.
613 2401 662 2440 D.

506 2468 552 2508 15
584 2458 622 2496 Si
648 2453 719 2496 non
746 2472 785 2496 re
812 2456 888 2511 ipsa
915 2453 985 2496 tibi
1015 2454 1101 2506 illuc

447 2511 563 2564 dola]
598 2517 709 2552 Nunc
727 2514 816 2553 Rem
846 2529 917 2566 pro
945 2515 1103 2552 veritate

446 2563 582 2619 posuit.
642 2575 687 2609 ι).

504 2624 543 2662 Si
575 2637 648 2662 nnn
677 2625 751 2676 ipstt
781 2641 819 2665 re
846 2625 916 2666 tibi
935 2624 1024 2676 ustuc
1041 2623 1103 2663 do·

448 2679 519 2719 let:
541 2681 714 2730 simulare
733 2694 828 2721 certe
851 2683 898 2734 est
925 2680 1101 2734 hominis]

444 2736 484 2776 Si
506 2748 584 2773 non
614 2749 758 2777 resera
786 2739 852 2777 ribi
879 2738 1009 2782 dolet,
1040 2737 1103 2776 de·

450 2790 520 2832 bes
539 2788 670 2832 saltem
691 2795 751 2834 vel
774 2794 936 2847 tingere.
992 2795 1031 2834 Ε.

1151 2073 1217 2111 qm
1245 2059 1358 2110 petit:
1376 2057 1542 2110 spondet
1569 2071 1590 2097 a
1615 2069 1694 2108 quo
1713 2058 1808 2108 peti.

1150 2127 1222 2154 tur.
1284 2115 1398 2155 Refre
1429 2126 1525 2166 ergo
1558 2110 1665 2152 socer
1699 2113 1802 2152 futu·

1150 2185 1226 2223 rus,
1244 2169 1448 2223 Despondi,
1467 2169 1576 2210 dixit.
1635 2171 1685 2210 D.

1212 2235 1256 2277 18
1296 2228 1397 2267 Haec
1425 2229 1543 2280 magis
1562 2224 1661 2276 filnt
1692 2224 1807 2264 homi·

1149 2281 1232 2331 nis]
1275 2286 1382 2324 Bene
1424 2282 1567 2334 repetit
1615 2283 1805 2322 Hominis:

1150 2342 1216 2380 ille
1234 2340 1343 2379 enim
1367 2341 1525 2386 dixerat,
1547 2337 1726 2378 Simulare
1735 2351 1807 2378 cer·

1151 2410 1186 2437 te
1203 2395 1250 2447 est
1269 2395 1439 2435 hominis.
1495 2396 1544 2435 D.

1210 2464 1259 2505 19
1290 2453 1497 2499 Caere-mm,
1525 2451 1644 2502 placet
1660 2447 1806 2502 tibisi-

1152 2509 1258 2554 llum,
1280 2507 1458 2563 Min-102³]
1490 2507 1595 2547 Nihil
1615 2507 1716 2546 aliud
1739 2519 1807 2544 vo-

1151 2565 1257 2605 lebat
1288 2565 1456 2614 Demea,
1493 2562 1563 2602 nifi
1584 2574 1621 2603 vt
1642 2560 1806 2602 saeuiret

1152 2620 1285 2663 Micio.
1325 2623 1431 2672 quud
1472 2621 1676 2671 impetrare
1723 2631 1805 2658 non

1152 2678 1297 2730 potnit,
1334 2680 1451 2717 etiam
1482 2674 1530 2715 ab
1557 2674 1693 2715 eadem
1724 2672 1806 2712 sen-

1151 2735 1276 2773 tiente
1302 2734 1353 2773 de
1383 2735 1572 2786 prauitate
1590 2743 1628 2771 et
1647 2741 1805 2782 peccato

1151 2787 1344 2834 Aeschini.
1399 2792 1448 2831 D.
1717 2786 1803 2827 Cae-
