1875 3308
611 187 912 236 ADELPH.
1349 201 1415 248 29

81 335 151 384 40
183 324 320 369 Fores
341 315 551 380 effregit?
588 316 890 366 restituentur:
923 315 1088 363 discidit

183 395 392 445 Vestem?
428 395 691 441 resarcietur.
727 392 816 451 Est,
836 393 917 440 Dis
939 394 1089 452 gratia,

184 477 243 521 Et
262 471 376 520 vnde
397 471 502 517 haec
521 469 638 523 fiant,
662 481 706 517 et
723 469 867 516 adhuc
889 484 979 514 non
1001 464 1178 515 molesta
1197 465 1308 518 sunt.

184 546 409 597 Postremo
431 558 503 593 aut
525 544 692 594 desine,
725 556 800 592 aut
821 543 930 590 cedo
954 545 1156 607 quemuis
1183 544 1418 590 arbitrum:

185 630 260 673 Te
272 625 398 689 plura
409 624 452 668 in
465 623 544 670 hac
557 639 604 669 re
616 637 794 687 peccare
809 617 1044 667 ostendam.
1068 617 1163 666 DE.
1186 619 1260 666 hei
1281 615 1420 666 mihi!

87 716 154 766 45
187 706 311 749 Pater
334 697 417 745 effe
439 698 548 746 disce
568 697 619 745 ab
643 698 750 750 aliis,
772 697 851 760 qui
869 712 972 743 vere
993 695 1145 742 sciunt.

188 777 292 826 M1.
327 780 499 823 Natura
519 786 569 822 tu
588 774 650 821 illi
667 784 792 839 pater
812 789 872 826 es,
896 769 1081 820 consiliis
1112 786 1212 832 ego-

1317 849 1361 894 D
1380 864 1424 897 ε.

59 998 160 1044 tulit,
183 995 284 1049 quafi
303 996 420 1050 dicat,
445 995 545 1036 nihil
562 995 631 1036 libi
649 995 717 1036 de·
765 1005 850 1044 eto,
877 993 990 1035 Sient.
1047 991 1191 1041 ReSte;
1223 990 1341 1033 modo
1371 992 1427 1032 le·

59 1051 213 1108 Perille,
234 1053 258 1092 li
280 1055 394 1107 gratis
413 1052 513 1093 forte
537 1051 651 1093 fuerit
667 1053 717 1092 ad
766 1065 841 1106 gas.
870 1061 1027 1102 quoque
1064 1050 1156 1090 veri.
1211 1050 1274 1090 Sic
1305 1047 1424 1088 Ouid.

61 1111 218 1150 amicam
257 1106 447 1149 admissus.
508 1114 558 1152 Et
594 1121 718 1150 totum
765 1111 863 1150 Met.
885 1121 942 1156 lx,
967 1117 1034 1157 24.
1063 1107 1233 1159 Iuppiter
1262 1119 1328 1144 aut
1341 1103 1428 1158 fal·

58 1166 134 1207 hoc
153 1170 200 1211 τῷ
219 1170 409 1213 ἐξεθενισμῷ
426 1165 641 1219 legendum
653 1165 718 1206 est.
761 1164 828 1216 fiu-
849 1176 962 1217 pater
989 1161 1053 1216 est,
1089 1175 1156 1203 aut
1186 1164 1338 1202 crimine
1364 1173 1428 1200 ve-

58 1226 108 1264 Εἰ
126 1224 220 1262 mire
231 1222 391 1275 Fortaff&
410 1223 515 1271 dicit,
550 1234 590 1263 vt
610 1234 719 1274 pater
767 1234 843 1261 rus.
896 1223 937 1261 B.

59 1279 297 1333 indulgenS,
322 1291 360 1318 et
385 1278 549 1319 credens
574 1277 718 1320 adoles-

62 1348 220 1375 centem
248 1333 356 1387 poss'e
387 1338 504 1375 etiarn
531 1337 647 1375 amari
668 1337 717 1376 ab

63 1393 197 1432 amica.
221 1405 301 1430 non
316 1393 656 1440 enimaffirmaust,
681 1403 719 1431 vt

64 1449 221 1495 diceret,
243 1447 609 1499 Excludeturforas.
634 1451 683 1488 D.

118 1500 174 1558 46
202 1504 315 1544 Fores
335 1504 502 1559 ffiegit?
535 1505 723 1557 restituen-

66 1567 144 1614 tur]
174 1563 357 1600 Peruenit
379 1561 425 1600 ad
452 1558 628 1613 praesens
653 1563 722 1600 cri-

64 1631 180 1657 men:
209 1618 275 1656 illa
294 1619 401 1657 enim
419 1629 509 1657 ante
535 1618 612 1658 afta
638 1617 722 1657 fue-

67 1685 166 1714 rant.
223 1676 272 1714 D.

20 1756 26 1764 κ
122 1743 172 1784 41
212 1727 462 1784 Rqsarcietur]
511 1730 566 1769 Re
603 1729 723 1769 abun-

68 1786 144 1826 dat.
202 1788 254 1826 D.

123 1855 177 1894 42
207 1845 256 1883 Et
274 1843 370 1881 vnde
397 1841 481 1881 haec
505 1841 622 1896 fiant]
651 1846 725 1884 Ite·

67 1912 152 1939 rum
189 1897 516 1946 subaudiendum,
561 1899 618 1952 est·
672 1899 725 1939 Et

69 1956 186 1995 adhuc
210 1969 283 1996 non
309 1955 450 2008 molesta
463 1955 578 2010 fiant]
618 1956 726 2006 Quia

71 2026 153 2051 non
184 2012 236 2051 est
266 2013 474 2065 flagitium,
503 2011 725 2054 adolescen-

73 2079 151 2109 tem
170 2065 332 2108 scortari.
387 2072 436 2109 D.

131 2137 182 2177 45
212 2125 270 2165 Ab
289 2126 372 2164 aliis
391 2128 456 2177 qui
478 2124 566 2178 fire
573 2125 726 2181 scium]

74 2182 296 2232 Superbum
316 2179 453 2231 suiss‘et,
473 2185 506 2221 A
527 2198 580 2230 nte
599 2185 729 2223 dicere.

76 2237 214 2330 mstelius
252 2251 346 2292 ergo
376 2237 436 2279 Ab
471 2239 555 2280 aliis
585 2239 731 2281 dietum

78 2305 102 2331 e
137 2324 144 2331 .
199 2295 247 2333 D.

132 2349 212 2404 Qi
239 2364 322 2390 vere
336 2351 488 2404 fiiunt]
517 2355 568 2394 V.
590 2352 637 2394 C.
669 2355 733 2406 qui

79 2407 216 2444 viuere.
275 2410 320 2446 L.'

134 2467 244 2514 Lege
270 2463 390 2504 Pater
415 2464 477 2516 §ffb
505 2465 599 2517 disce
624 2462 671 2505 ab
691 2465 736 2505 il-

79 2517 144 2565 Iis,
174 2521 236 2573 qui
255 2519 450 2570 verist'ent.
508 2524 607 2562 Nam
625 2520 670 2560 ab
696 2522 735 2563 il-

78 2574 126 2614 lis
151 2576 337 2626 reperitur
357 2588 396 2616 et
423 2577 463 2616 in
479 2580 615 2619 Faerni
643 2577 737 2619 libb.

81 2632 274 2682 antiquis,
308 2642 345 2671 et
377 2632 513 2673 nostris
544 2635 736 2683 omnibus.

81 2689 188 2727 Tum
199 2688 422 2739 Palmerim,
433 2691 625 2741 probante
635 2692 740 2745 Guy-

822 1336 877 1386 46
906 1333 1060 1373 Natura
1079 1329 1134 1371 illi
1144 1342 1255 1384 pater
1274 1343 1321 1378 es,
1347 1342 1432 1371 con·

761 1388 859 1442 filiis
883 1388 966 1445 ego]
1000 1387 1161 1429 Vrbane
1186 1387 1311 1427 Micio
1332 1385 1431 1426 Con·

759 1446 858 1498 filiis
881 1443 1089 1484 subiunxit.
1120 1444 1204 1495 plus
1232 1444 1339 1483 enim
1370 1455 1433 1488 va·

770 1502 825 1541 let
843 1502 890 1541 ad
907 1500 1064 1541 laudem
1084 1498 1286 1552 confilium,
1311 1512 1431 1551 quam

771 1571 918 1597 natura.
975 1561 1023 1599 Et
1038 1556 1147 1596 {imul
1160 1555 1324 1596 ostendit
1336 1557 1433 1595 Poe-

771 1625 808 1654 ta
827 1613 952 1653 verbis
971 1614 1169 1661 Micionis,
1189 1613 1350 1664 quinon
1363 1625 1434 1650 na·

773 1681 869 1719 tura,
894 1668 959 1709 sed
977 1667 1118 1709 affeetu
1135 1668 1176 1708 fit
1193 1679 1316 1721 pater,
1344 1668 1432 1706 nul-

771 1728 853 1766 lum
887 1737 1035 1777 patrem
1076 1722 1157 1765 esse
1196 1723 1431 1776 sapientem:

773 1797 863 1824 eum
894 1795 986 1826 vero
1006 1779 1114 1835 pofl'e
1139 1780 1220 1821 fine
1236 1780 1436 1833 perturba·

775 1841 884 1879 tione
914 1838 1065 1892 perfrui
1102 1839 1148 1877 iis
1184 1851 1282 1890 quos
1316 1846 1432 1886 amat,

774 1910 893 1949 quem
929 1908 1078 1948 patrem
1113 1891 1189 1935 effe
1231 1893 1435 1933 confilium

773 1953 926 2001 fecerit,
946 1966 1027 1991 non
1039 1961 1185 1999 natura,
1198 1951 1272 1990 hoc
1283 1949 1346 1999 est,
1368 1949 1437 2001 qui

774 2010 896 2050 filium
930 2008 1185 2060 adoptauerit.
1242 2011 1290 2048 Et
1326 2008 1438 2054 mire,

777 2080 900 2120 quum
925 2067 1082 2107 Natura
1110 2064 1350 2117 {iugulat-iter
1378 2061 1438 2101 di·

757 2108 891 2172 ‘xm-it,
920 2123 1119 2175 pluraliter
1139 2121 1282 2170 intulit,
1314 2114 1437 2169 Confi-

777 2182 838 2221 liis
860 2193 936 2234 ego.
992 2180 1041 2219 D.

841 2238 899 2276 Tu
918 2249 1053 2276 natura
1068 2238 1194 2288 pater]
1224 2228 1436 2273 VtSallust.

781 2295 890 2347 (Cat.
929 2294 986 2347 6.)
1040 2292 1162 2332 Curae
1191 2288 1438 2342 fimilitudine

777 2363 903 2404 patres
935 2347 1221 2402 appellabantur.
1296 2343 1441 2384 Postre-

782 2421 848 2447 mo
869 2406 1077 2453 concludit,
1107 2402 1210 2456 quod
1230 2402 1309 2440 iam
1328 2412 1441 2451 repe·

782 2475 835 2503 tat
854 2461 987 2509 filium,
1009 2473 1126 2513 quem
1138 2454 1312 2498 dedifl'et.
1356 2459 1441 2496 Hac

782 2533 826 2560 re
845 2519 998 2558 territus
1014 2517 1152 2564 senex,
1183 2528 1269 2554 cum
1293 2515 1444 2553 iracun-

786 2577 848 2616 dia
872 2586 1002 2615 tamen
1029 2573 1302 2624 conqueritur,
1332 2565 1447 2620 quod

787 2634 936 2672 alienus
957 2645 1035 2670 non
1054 2628 1198 2675 litfilio,
1217 2640 1260 2666 ac
1270 2636 1444 2678 propter·

787 2703 834 2730 ea
851 2700 1009 2743 cogatur
1027 2688 1078 2728 de
1096 2698 1145 2726 oo
1158 2685 1340 2738 cogitare.
1369 2682 1413 2721 E.
