1827 3180
641 192 938 239 HECYRA.

1359 204 1453 252 395

229 318 368 370 PAR.
406 323 549 367 Immo
570 336 674 367 vero
697 319 805 376 scio·,
840 333 983 382 neque
1007 317 1092 366 hoc
1112 317 1370 384 imprudens
1393 318 1451 366 fe·

328 399 383 444 ci.
423 395 457 443 P
472 410 568 443 AM.
604 413 687 457 ego
711 395 814 442 istuc
837 395 928 441 satis
953 393 1049 441 scio.

229 468 373 520 PAR.
412 476 484 518 An
516 483 679 518 temere
715 473 945 534 quicquam
978 473 1297 517 Parmenonem
1330 484 1455 535 prae-

328 558 475 598 tereat,
499 548 616 611 quod
644 544 757 595 fagio
784 546 879 593 vsus
898 542 979 591 fit?

228 621 381 673 PAM.
423 627 612 686 Sequere
645 639 714 668 me
746 623 887 673 intro,
927 624 1156 667 Parmeno.
1203 619 1345 669 PAR.
1393 620 1457 668 se-

334 715 470 761 quor:
511 698 712 761 equidem
734 697 832 761 plus
857 695 988 744 hodie
1009 697 1118 743 boni

131 791 197 838 40
235 776 337 822 Feci
362 773 631 837 imprudens,
656 789 784 835 quam
809 772 939 818 sciens
964 782 1062 819 ante
1093 771 1212 818 hunc
1234 771 1351 820 diem
1373 787 1457 819 vn-

330 865 477 914 quam.
517 850 583 894 Ω.
624 847 830 895 Plaudite.

345 931 790 1008 cALriorivs
832 960 1209 1006 RECENSVI.

156 1118 211 1162 37
239 1106 357 1146 Immo
389 1117 482 1144 vero
502 1103 610 1155 scio,
641 1116 757 1157 neque

102 1162 171 1203 boc
192 1163 402 1216 imprudens
412 1160 510 1214 jeci]
531 1160 660 1201 Reae.
676 1174 758 1212 par·

102 1233 196 1260 uum
226 1220 334 1260 enim
352 1215 536 1256 beneficii
565 1217 759 1263 meritum,

100 1274 128 1315 {i
148 1276 196 1316 ab
215 1273 466 1328 imprudente
476 1272 695 1323 praestitum
709 1273 759 1311 vi-

102 1331 254 1372 deatur.
315 1331 364 1370 D.

158 1395 208 1440 38
239 1387 383 1426 Temere
402 1387 597 1438 quicquam
615 1385 758 1424 Parme-

102 1456 231 1483 nonem
245 1441 469 1495 praetereat]
502 1440 619 1490 Quod
644 1440 757 1478 inter-

103 1499 197 1537 dum
229 1511 311 1537 non
337 1496 449 1549 (dele
473 1496 582 1546 Non)
614 1507 759 1534 temere

104 1563 336 1607 praetereat,
361 1550 465 1603 quod
486 1549 603 1591 habet
622 1549 761 1591 facien-

104 1610 142 1651 di
163 1609 438 1649 neceffitatem.
489 1607 634 1646 Temere
657 1609 762 1661 quic·

105 1679 214 1719 quam
243 1665 503 1704 Parmenonem
531 1662 761 1716 praetereat]

82 1720 83 1724 ’
104 1722 187 1763 Sibi
214 1721 279 1773 ipli
300 1720 373 1759 hoc
393 1720 495 1767 dicit,
523 1730 562 1757 et
581 1715 618 1758 se
638 1719 761 1758 nomi-

808 1114 846 1143 vt
875 1116 958 1142 non
985 1112 1208 1142 remuneret
1233 1101 1384 1141 bonum
1409 1099 1463 1142 fa-

808 1160 908 1198 c'tum
918 1161 1180 1206 Parmenonis,
1205 1157 1307 1209 quod
1317 1157 1382 1197 fibi
1395 1159 1464 1196 vti-

808 1217 846 1254 le
863 1215 1003 1256 fuerit?
1035 1218 1082 1255 Et
1101 1216 1290 1254 conuenit
1311 1214 1387 1252 hoc
1407 1213 1463 1252 di·

809 1272 909 1311 &um
930 1271 1119 1310 meretrici
1141 1271 1312 1309 abeunti.
1359 1274 1409 1312 D.

862 1329 938 1367 Hic
964 1325 1085 1367 versus
1122 1340 1194 1367 nec
1215 1325 1464 1373 Parmenoni,

808 1397 832 1423 e
852 1385 1002 1423 ratione
1026 1383 1182 1435 vulgari,
1206 1396 1278 1422 nec
1291 1381 1468 1433 Pamphi-

809 1441 859 1486 lo,
879 1452 929 1478 ex
950 1438 1083 1478 Bemb.
1116 1436 1179 1477 sed
1198 1437 1376 1478 Bacchidi
1406 1437 1466 1476 tri-

810 1493 987 1534 buendus
1014 1493 1084 1541 est,
1117 1495 1276 1533 laetanti
1313 1505 1353 1533 et
1380 1497 1468 1534 Par·

810 1562 1024 1591 menonem
1043 1549 1197 1591 ridenti.
1233 1553 1369 1601 Itaque
1380 1562 1467 1588 cum

811 1606 942 1648 Bemb.
964 1607 1145 1646 Parmeno
1173 1607 1254 1659 legi
1280 1605 1399 1645 debet
1423 1605 1467 1644 in

813 1659 911 1704 Casu
934 1663 1049 1701 recto.
1105 1665 1145 1702 Β.

868 1729 924 1771 40
961 1717 1047 1757 Feci
1077 1717 1312 1770 imprudens,
1353 1730 1467 1771 quam

105 1789 194 1818 nat:
227 1789 263 1815 vt
283 1781 401 1828 (Aen.
423 1788 471 1820 11.
503 1776 614 1828 549.)
642 1774 760 1830 Dege·
797 1772 919 1826 sciens
950 1786 1036 1813 ante
1057 1772 1151 1812 hunc
1172 1775 1268 1813 diem
1289 1774 1467 1827 vnquam]

106 1845 296 1886 neremque
318 1832 595 1884 Neoptolemum
627 1845 761 1870 narra·

107 1904 147 1930 re
183 1901 366 1929 memento.
421 1891 488 1932 Et,
533 1890 610 1940 Age
645 1900 763 1926 nunc.-

104 1944 385 1992 Phormionem,
412 1946 479 1997 qui
505 1943 621 1991 volet,
659 1943 763 1993 Iaces

96 2000 187 2055 fito.
269 2001 415 2040 Temere
449 1999 661 2053 quicquam]
715 2002 765 2039 V-

109 2069 208 2096 trum
232 2057 308 2107 hoc
339 2057 449 2104 dicit,
486 2057 571 2095 Non
599 2066 759 2103 temere,

108 2111 242 2164 neque
275 2125 344 2164 per
367 2111 667 2162 imprudentiam
694 2124 764 2164 ge-

110 2169 226 2216 ritur,
256 2167 439 2219 quicquid
465 2168 559 2206 vtile
578 2167 643 2209 est.
699 2173 763 2208 An

109 2222 185 2261 hoc
207 2224 309 2268 dicit,
338 2222 446 2263 Nihil
466 2222 587 2273 potest
609 2222 766 2262 tramite

113 2290 279 2325 temere,
313 2277 418 2328 quod
449 2279 538 2316 vtile
572 2278 672 2316 saelu
698 2276 764 2323 est,

113 2335 208 2384 quin
236 2335 396 2386 gratiam
426 2330 478 2372 sui
509 2332 671 2371 habeat?
701 2336 766 2372 An

114 2389 189 2428 hoc
218 2389 328 2437 dicit,
356 2394 417 2429 An
440 2390 642 2439 quicquam
663 2391 766 2428 Pam-

115 2445 243 2500 philus
270 2455 484 2497 praetereat
510 2455 676 2484 temere:
715 2445 767 2483 ita

812 1831 919 1880 Quia
945 1843 1027 1869 non
1054 1831 1237 1869 conuenit
1267 1827 1375 1869 seruo
1404 1827 1471 1869 sci·

812 1888 894 1926 enti
916 1886 1018 1925 reete
1035 1883 1171 1932 facere,
1196 1885 1299 1925 bene
1320 1885 1470 1926 addidit

814 1942 1042 1995 imprudenti
1060 1941 1127 1980 {ibi
1147 1939 1329 1987 euenisse,
1351 1953 1388 1980 vt
1407 1941 1472 1980 be-

815 2011 867 2038 ne
888 1997 1050 2037 faceret:
1071 1997 1175 2049 quod
1187 1997 1471 2049 prudensnun·

815 2068 931 2105 quam
943 2052 1086 2094 fecerit.
1137 2054 1351 2105 Imprudens
1363 2066 1470 2104 qnam

805 2110 945 2162 sciens]
956 2109 1120 2149 Α’πίθετου
1132 2107 1351 2149 secundum.
1370 2112 1470 2149 Nam

815 2166 1099 2217 imprudentem
1142 2164 1275 2204 scienti
1325 2164 1468 2213 reddit,

815 2236 897 2262 non
926 2221 1167 2271 prudentem.
1225 2224 1273 2260 D.

871 2277 955 2315 Feci
972 2278 1186 2328 imprudens,
1207 2289 1315 2327 qnam
1327 2274 1471 2329 scs'em]

813 2333 932 2371 Plaut.
952 2334 1063 2383 Capt.
1083 2332 1178 2370 Prul.
1198 2346 1261 2384 44.
1304 2331 1472 2383 Vtfitepe

815 2391 887 2427 iam
915 2391 953 2426 in
981 2386 1105 2426 multis
1121 2387 1210 2425 locis
1249 2386 1337 2427 Plus
1359 2385 1472 2440 infli-

813 2457 874 2483 ens
885 2446 965 2496 quis
965 2443 1184 2496 fecitfflmm
1183 2441 1308 2494 fiiens
1317 2441 1415 2483 boni.
1427 2445 1470 2486 L.

115 2540 224 2582 AEL.
255 2538 375 2579 DON.
406 2537 452 2575 V.
474 2536 519 2576 C.
545 2535 801 2578 ORATORIS
821 2536 959 2576 VRBIS
980 2536 1159 2577 ROMAE
1180 2535 1467 2579 ΟΟΜΜΕΝΓ.

296 2619 358 2649 :N
407 2610 661 2651 rnnaurl
702 2619 965 2652 uncinum
1011 2619 1280 2651 EXPLICIT.

1362 2743 1474 2783 Fu·
