1827 3180
637 74 992 124 PHORMIO.

1403 79 1497 136 585

263 202 375 256 CH.
414 211 525 257 Non
561 225 672 274 opus
703 205 763 252 est
791 201 924 251 disto.
965 199 1066 265 PH,
1105 202 1186 250 tibi
1219 200 1422 266 quidem:
1459 211 1510 251 at.

362 285 464 332 scito
487 286 588 331 huic
609 279 764 349 opu'st.

169 377 190 409 ι
203 375 230 423 ς
265 363 320 408 In
353 364 536 407 Lemno.
574 357 682 407 CH.
733 358 858 404 hem!
904 352 1009 420 quid
1046 355 1140 400 ais?
1177 350 1279 402 DE.
1319 372 1413 402 non
1444 352 1503 401 ta-'

365 438 466 482 ces?
504 436 595 483 ΡΗ.
629 435 738 482 clam
759 446 815 480 te.
856 427 961 478 CH.
1003 430 1077 477 hei
1098 430 1235 481 mihi!

266 509 354 558 PH.
379 517 572 558 onrem
586 510 716 557 duxit.
738 506 839 555 NA.
864 510 924 554 mi
935 507 1160 558 h0m0,Di
1179 506 1333 552 melius
1349 504 1507 552 duint!

264 585 363 636 PH.
403 589 471 634 Sic
493 581 718 635 faRum’st.
755 581 862 631 NA.
899 583 1013 649 perii
1032 576 1204 633 misera!
1243 579 1339 629 PH.
1379 592 1421 628 et
1439 583 1504 629 in-

367 662 421 709 de
442 661 577 710 filiam

263 737 460 803 Suscepit
489 740 576 785 iam
607 753 765 790 vnam,
804 735 911 783 dum
943 744 994 782 tu
1030 734 1212 781 dormis.
1249 729 1360 781 CH.
1396 731 1506 797 quid

364 815 533 874 agimus
547 813 568 863 ?

266 886 323 936 N
334 902 386 934 A.
433 893 520 936 Pro
563 891 625 936 Di
666 884 959 936 immortales!
995 886 1161 934 facinus
1195 884 1430 946 indignum
1463 894 1508 932 et

340 975 341 978 ’
366 963 556 1014 malum!

169 1059 234 1089 20
268 1037 365 1088 ΡΗ.
406 1044 509 1088 Hoc
530 1036 739 1088 astum'st.
787 1023 901 1087 NA.
936 1057 990 1088 an
1025 1041 1258 1104 quicquam
1290 1037 1423 1084 hodie
1447 1033 1508 1084 est

363 1113 527 1163 faelium
552 1117 808 1178 indignius?

269 1193 362 1247 Qui
382 1193 505 1247 mihi,
526 1193 601 1241 vbi
621 1193 674 1240 ad
697 1209 850 1242 vxores
874 1187 1120 1245 ventum'st‚
1143 1201 1239 1239 tum
1249 1187 1362 1236 fiunt
1373 1190 1509 1236 senes.

190 1423 244 1467 15
272 1414 346 1452 Pro
376 1412 447 1453 Ais
479 1423 555 1453 tres
584 1426 633 1453 ex
658 1413 793 1454 nostris

133 1469 262 1508 bonae
284 1478 412 1512 notae,
442 1472 555 1524 Agis;
583 1470 689 1521 quod
713 1469 795 1511 fine

133 1524 256 1564 dubio
278 1525 354 1563 huc
371 1525 424 1564 est
435 1526 720 1575 recipiendum.
752 1530 793 1567 B.

192 1584 242 1623 16
271 1581 339 1620 Mi
358 1581 484 1627 homo,
508 1581 566 1620 Di
583 1584 708 1622 melius
727 1583 793 1621 du·

132 1638 247 1692 inst]
280 1639 444 1689 Quaerit
461 1638 619 1688 Probus,
646 1653 695 1678 an
717 1653 794 1678 rna·

132 1707 244 1733 trona
274 1704 349 1733 tam
377 1693 617 1733 familiariter
635 1695 702 1734 Mt
730 1695 790 1733 ho-

131 1765 203 1796 mo,
225 1750 327 1789 resse
347 1750 448 1790 dicat
467 1751 620 1790 alieno:
641 1749 704 1790 sed
718 1750 790 1790 fru-

130 1806 216 1846 stra.
276 1807 374 1846 Nam
404 1805 638 1846 feminarum
658 1810 788 1856 oratio,

128 1862 195 1903 etsi
207 1876 288 1902 non
300 1862 503 1910 blanditur,
513 1861 654 1903 blanda
664 1863 728 1902 est.
741 1867 787 1904 D.

192 1928 239 1969 18
279 1919 385 1972 Qid
408 1920 612 1975 agimus?]
647 1922 787 1960 Facete

131 1974 287 2014 dmum.
345 1981 396 2018 D.

190 2042 239 2082 19
270 2033 414 2072 Vfflor.
436 2032 557 2072 Vatic.
586 2042 625 2072 ct
646 2033 789 2072 Bafilic.

130 2085 280 2126 habent
303 2088 588 2138 Mfirandmm
619 2087 683 2128 sed
699 2102 789 2140 ¹cae-

130 2144 204 2180 teri
225 2144 361 2181 Faerni
380 2155 418 2181 et
438 2144 552 2182 nostri
570 2144 658 2183 libri
668 2146 786 2195 recte,

131 2197 343 2253 Indignum.
399 2202 444 2237 B.

183 2268 239 2296 20
268 2256 349 2294 Hoc
367 2256 482 2293 nc‘tum
495 2253 559 2308 cst]
582 2257 627 2294 In
638 2253 707 2295 ΜΓ.
720 2255 789 2294 hoc

131 2310 248 2351 deest.
302 2311 346 2350 L.

1358 1265 1511 1312 Demi-

843 1410 1028 1464 Demipho
1076 1423 1115 1450 te
1162 1406 1300 1461 appello
1345 1404 1507 1456 incipiat

849 1469 972 1506 oratio
1013 1464 1275 1506 Naulistratae.
1330 1465 1429 1502 Nam
1468 1472 1508 1500 vt

843 1535 936 1563 ante
980 1523 1170 1563 Chremes
1211 1521 1360 1560 dixerat
1399 1517 1506 1573 Qid

845 1580 1016 1634 agimus?
1043 1578 1150 1629 quod
1177 1576 1231 1615 est
1256 1572 1508 1626 desperantis,

842 1637 895 1674 ita
914 1648 1021 1674 nunc
1040 1634 1150 1674 simili
1172 1631 1508 1685 pin-alivtiturDe-

840 1692 989 1743 mipho,
1020 1691 1101 1730 Hoc
1120 1688 1279 1740 ac‘tumst.
1341 1686 1502 1728 Deinde

842 1759 991 1788 caetera
1018 1746 1214 1786 honestius
1250 1760 1272 1784 a
1298 1744 1501 1784 Phoimio-

840 1818 913 1854 ne,
951 1802 1050 1843 senis
1080 1804 1225 1842 crimen
1253 1812 1426 1854 augente
1456 1809 1499 1839 et

840 1861 964 1900 vxoris
983 1862 1077 1898 iram
1087 1858 1342 1904 incendente,
1364 1856 1502 1894 dicun·

838 1928 919 1966 tur,
948 1930 1063 1968 quam
1088 1930 1108 1955 a
1125 1925 1299 1956 mairona
1319 1909 1502 1950 honestis-

838 1974 939 2014 sima.
977 1976 1065 2013 Huc
1083 1971 1242 2018 accedit,
1264 1968 1369 2020 quod
1396 1980 1500 2018 quae

839 2032 957 2082 paulo
976 2041 1066 2068 ante
1086 2028 1182 2067 dixit
1204 2027 1419 2079 Indtgnum‚
1449 2036 1499 2062 ea

837 2100 943 2128 nunc
973 2099 1056 2123 nun
1085 2085 1186 2124 recffe
1224 2083 1335 2134 pussit
1365 2080 1498 2119 dicere

839 2143 1044 2196 Indignius.
1102 2143 1143 2179 B.

895 2210 946 2238 21
986 2197 1092 2251 Qeid
1131 2194 1241 2247 mihi]
1286 2194 1498 2246 Eleganter

838 2252 1024 2293 insertum
1041 2252 1160 2291 Aslihi.
1181 2264 1215 2289 xt
1230 2253 1267 2288 in
1280 2253 1494 2290 Heautont.

837 2311 875 2348 Is
905 2307 995 2347 mihi
1014 2306 1076 2346 vbi
1102 2306 1246 2345 adbibit
1258 2307 1345 2358 plus
1371 2303 1493 2356 paulo,

186 2368 334 2406 Omnes
372 2364 503 2404 inostri
549 2365 635 2405 libri
687 2367 789 2405 teile
827 2365 900 2415 sua
923 2362 1379 2418 quaenarrutfhcinora!
1431 2362 1501 2400 Ad·

128 2422 248 2463 verba
285 2424 368 2462 Hoc
417 2423 566 2473 ailumst
614 2423 788 2461 tribuunt

128 2477 393 2531 Demiphoni,
432 2489 470 2516 et
498 2481 560 2517 An
594 2481 789 2533 quicquam

129 2559 186 2568 -
223 2557 274 2565 —
299 2532 401 2586 fiunt
428 2534 556 2583 fines,
590 2536 789 2576 Phormio-

131 2592 203 2639 εἰς
225 2590 397 2646 adeoy't
427 2589 586 2631 demum
621 2591 788 2633 averbis

836 2435 971 2460 vxores
988 2433 1136 2458 vernum
1152 2419 1211 2471 est,
1228 2431 1307 2459 tum
1320 2417 1496 2468 fiuntse-

838 2478 916 2530 nes]
948 2478 1159 2528 Eleganter
1180 2477 1278 2515 Fieri
1299 2474 1407 2513 dixit.
1446 2476 1495 2513 Et

839 2534 1072 2586 generaliter
1100 2530 1338 2577 inuidiosius,
1378 2542 1498 2580 quam

837 2589 865 2631 fi
886 2603 1002 2630 vnum
1021 2585 1209 2628 accusaret
1231 2585 1377 2627 senem.
1405 2586 1456 2625 D.

951 2647 1021 2685 00
1053 2656 1079 2696 ς,
