1827 3180
310 128 402 176 ET
439 121 832 171 PHRASIVM
876 115 1251 167 TERENTII.

112 246 236 284 venire
259 252 296 280 et
326 239 523 289 conloqui.
573 237 673 274 Haut
693 246 774 274 eon-
813 269 823 274 ,

114 296 223 332 venit.
242 293 334 330 Eun.
348 292 457 334 111,2,
472 302 515 335 14
535 298 571 324 et
590 299 649 334 4¹-
701 284 772 322 Dic

113 339 327 391 eos-uenisti,
350 339 459 389 egiffe
486 349 522 374 tc
548 336 595 373 de
620 334 772 383 nuptiis.

114 395 249 434 Heaut.
273 391 337 432 lv,
368 398 402 432 8,
422 401 479 425 22.
510 388 551 422 ln
590 398 648 422 me
669 383 773 433 quid-

114 442 170 480 vis
183 442 312 478 harum
326 450 445 475 rerum
456 435 624 472 conuenit.
635 435 772 471 Heaut.

114 492 166 535 V,
184 499 259 536 1,3.
289 489 389 526 Haec
407 485 507 523 fratri
532 496 677 521 mecum
689 494 771 519 non

114 538 336 578 conueniunt.
361 535 434 573 Ad.
461 537 489 578 I,
508 546 540 577 ι,
564 544 621 580 34.
674 533 775 569 Bene

67 604 80 610 ·“
115 588 339 627 conueniebat
367 585 452 622 sane
471 584 574 621 inter
592 593 660 618 eas.
680 582 775 617 Hec.

115 640 147 681 1,
173 651 208 681 2,
231 647 315 683 103.
363 635 499 682 Neque
532 639 777 667 conuenturum

116 688 216 726 inter
234 697 302 722 nos
319 683 465 732 posthac
488 681 648 718 arbitrer.
684 680 775 715 Hec.

117 739 232 782 IV,4,
247 746 303 782 37.
329 733 467 770 Laches
484 742 543 768 me
570 740 671 766 nunc
700 738 778 763 con-

116 794 261 822 ventam
283 782 353 820 ess‘e
372 780 517 830 expetit.
529 780 621 816 Hec.
632 778 681 821 V,
697 789 729 820 1,
743 788 777 813 1.

119 832 310 873 Conueniet
327 842 500 868 numerus
520 838 695 878 quantum
715 826 779 862 de·

121 883 361 924 bui.Phorm.
380 882 455 924 ],2,
477 890 509 927 3.
560 876 675 924 Qod
700 885 780 912 con-

121 930 294 972 veniundi
301 930 411 980 patris
425 941 483 966 me
492 938 635 975 tempus
652 936 783 974 capere

121 984 256 1024 iubeat.
280 980 429 1016 Phorm.
445 979 493 1021 V,
507 991 542 1024 4,
554 989 588 1022 9.

174 1028 396 1077 conuentus-J
425 1027 613 1065 Comitum
638 1034 785 1060 conuen-

125 1090 194 1124 tus,
203 1078 381 1127 strepitus.
395 1079 488 1116 Hec.
499 1077 573 1114 Alt.
583 1074 678 1112 Ptol.
697 1083 756 1117 ²7·

178 1132 359 1177 Conuerto.
382 1124 571 1172 Conuorto]
599 1124 691 1161 Non
710 1122 783 1159 iam

126 1180 171 1218 ad
200 1179 349 1215 salutem
386 1175 485 1225 posse
521 1172 678 1211 conuerti
710 1173 784 1208 hoc

126 1230 273 1267 malum.
293 1225 392 1264 And.
413 1226 464 1268 V,
486 1236 518 1266 1,
545 1232 604 1270 48.
658 1223 784 1258 Deum

126 1279 200 1317 sese
219 1278 259 1314 in
279 1275 437 1324 pretium
455 1269 671 1318 conuertifflv.
688 1271 782 1307 Eun.

125 1329 189 1371 111,
211 1339 246 1372 5,
265 1337 324 1372 40.
349 1325 436 1361 vide
450 1323 577 1361 Notas.
630 1321 785 1356 conum·-

126 1387 202 1414 tam
225 1389 283 1414 me
300 1375 466 1411 domum.
488 1372 555 1408 Ad.
567 1371 624 1412 111,
639 1381 670 1411 1,
682 1381 738 1404 22.

174 1422 389 1470 conuicium]
406 1424 505 1459 Ante
525 1417 624 1455 aedis
642 1429 721 1454 non
733 1415 785 1453 fe-

129 1475 215 1512 ciss'e
242 1473 309 1511 erit
338 1472 469 1510 melius
496 1469 557 1506 hic
585 1466 783 1504 conuicium.

127 1523 286 1571 Adelph.
307 1523 353 1565 11,
373 1534 404 1565 1,
423 1524 481 1557 26.

180 1587 384 1635 Conuinco]
414 1584 569 1627 Metuis,
607 1595 660 1620 ne
684 1592 784 1623 non,

129 1653 216 1678 eum
239 1638 358 1678 velis.
380 1634 562 1671 conuincas
589 1632 657 1669 effe
676 1631 784 1667 illum

130 1691 261 1728 tuum?
287 1684 474 1724 Conuinces
490 1682 598 1720 facile
618 1691 704 1718 exte
714 1678 784 1716 esse

130 1751 267 1778 natum.
277 1738 408 1772 Heaut.
418 1734 467 1776 V,
481 1744 513 1780 3,
528 1743 567 1776 ¹5
583 1742 617 1767 et
631 1739 685 1771 18.

178 1783 355 1831 Conuiua]
382 1784 446 1820 Me
464 1780 644 1817 conuiuam
671 1778 788 1815 solum

132 1837 336 1874 abducebat
352 1832 430 1869 fibi.
460 1831 553 1867 Eun.
580 1831 640 1870 111,
672 1840 704 1869 1,
727 1838 783 1870 17.

134 1888 288 1936 Egomet
329 1881 491 1917 mnuiuas
508 1891 643 1915 moror.
654 1878 787 1914 Heaut.

135 1937 165 1978 1,
182 1947 214 1976 1,
239 1945 320 1970 120.

190 1978 416 2027 Conuiuium]
440 1977 632 2016 Rhodium
660 1974 792 2024 tetige-

138 2032 207 2070 rim
226 2033 264 2066 in
281 2028 446 2066 conuiuio.
473 2028 557 2063 Vna
578 2027 618 2062 in
635 2023 789 2062 conuiuio

136 2091 212 2119 erat
232 2078 302 2116 hic.
319 2079 486 2119 Eumlll,
500 2089 532 2117 1.
552 2086 596 2124 30
613 2085 648 2110 et
667 2085 725 2121 32.
749 2074 792 2109 ln

135 2129 328 2167 conuiuium
352 2128 478 2164 illam?
505 2127 597 2162 Eun.
610 2124 675 2165 lv,
690 2134 722 2165 1,
737 2134 790 2158 12.

136 2180 203 2217 me
223 2179 316 2214 suam
351 2175 489 2223 semper
514 2185 534 2208 e
563 2173 589 2208 it
616 2171 730 2208 vitam
752 2170 793 2207 in

138 2228 281 2270 enimin
298 2224 474 2262 conuiuiis.
497 2225 530 2259 A
558 2221 606 2257 el.
626 2221 677 2262 V,
696 2233 729 2265 4,
753 2232 788 2263 9.

138 2281 320 2326 Apparare
330 2276 376 2311 de
387 2274 447 2310 die
458 2270 662 2309 conuiuium.
686 2268 795 2304 Adel.

141 2329 284 2370 V.9,8.
337 2320 797 2373 Agitaremintervoscon.

138 2378 283 2413 vinium.
295 2375 425 2415 Hcc.1,
437 2385 469 2414 2,
490 2379 543 2412 η.

193 2437 383 2485 Conuiuor]
413 2438 559 2474 Nolunt
576 2435 706 2473 crebro
721 2443 800 2470 con-

138 2491 310 2530 νῖκαι-ίαν.
322 2491 454 2526 Heaut.
466 2488 493 2529 1,
504 2500 538 2529 2,
559 2498 616 2534 32.

193 2551 364 2599 Conuolo]
420 2553 582 2599 Populus
627 2551 798 2591 comolet.

144 2608 238 2646 nec.
252 2606 328 2643 Ait.
347 2603 441 2642 [¹101.
456 2613 511 2651 32·

1406 124 1510 178 75'

871 233 1004 284 Copia]
1032 232 1163 282 Neque
1191 230 1256 280 pol
1275 228 1401 266 consili
1423 229 1479 266 lo-

821 296 906 322 cum
925 283 1066 326 habeo,
1092 293 1217 329 neque
1239 280 1282 316 ad
1300 279 1478 317 auxilium

820 334 962 384 copiam.
979 332 1080 368 And.
1107 331 1152 373 11,
1175 340 1292 372 r,·20.
1341 328 1419 364 Sibi
1437 338 1478 365 vt

820 381 1045 432 inspiciundi
1065 380 1148 417 effet
1163 378 1274 428 copia.
1286 377 1479 414 Eunfron.

822 445 880 471 21.
906 431 946 470 si
974 443 1056 468 non
1085 428 1262 478 tangendi
1287 426 1385 476 copia
1415 425 1478 468 est,

823 483 894 520 eho
923 493 971 518 ne
1001 479 1154 516 videndi
1192 477 1343 526 quidem
1382 475 1482 512 erit?

824 531 990 573 Eun.lV‚
1013 542 1048 571 2,
1070 540 1128 565 ιο.
1181 528 1276 564 Date
1294 521 1480 562 crescendi

824 580 968 631 copiam,
1001 589 1185 615 nouarum
1205 575 1270 625 qui
1297 572 1481 623 speaandi

826 630 969 669 faciunt
983 627 1130 676 copiam.
1163 627 1296 662 Heaut.
1315 623 1416 660 Prol.
1436 630 1480 663 23

827 690 866 717 et
885 691 944 724 29.
994 678 1043 714 Ea
1063 687 1119 712 res
1140 673 1242 712 dedit
1269 673 1484 710 existuman.

826 728 864 767 di
879 727 1020 777 copiam.
1066 725 1150 761 Tua
1167 723 1282 760 amica
1296 734 1416 759 tecum
1434 718 1484 756 si-

827 790 876 816 ne
893 787 992 814 metu
1009 785 1050 811 vt
1068 772 1120 816 fit,
1131 772 1269 822 copiast.
1290 773 1417 808 Heaut.
1438 770 1486 809 11.

829 839 863 876 3,
875 839 917 873 4¹
941 836 978 862 et
990 824 1238 871 87.Nequam
1259 821 1363 857 aliam
1375 830 1485 867 quae·

831 887 884 914 rat
901 874 1043 924 copiam,
1063 885 1103 908 ac
1121 885 1158 910 te
1178 870 1324 908 deserat.
1345 871 1483 906 Heaut.

830 927 880 970 V,
901 935 1006 970 1‚54.
1057 921 1243 965 Obsecrat‚
1269 930 1314 956 vt
1330 916 1487 956 fibicius

831 974 941 1014 faciat
967 971 1108 1022 copiam.
1129 970 1277 1007 Phorm.
1306 970 1399 1011 1,÷.2,
1427 970 1486 1011 63.

830 1023 934 1074 Qid
968 1034 1037 1071 ego
1068 1032 1109 1057 ex
1135 1020 1202 1055 hac
1228 1017 1357 1065 inopia
1382 1026 1488 1052 nune

833 1073 985 1122 capiam,
997 1082 1032 1108 et
1052 1069 1139 1119 quid
1158 1080 1198 1105 tu
1218 1080 1262 1104 ex
1278 1066 1360 1103 istac
1378 1064 1489 1114 copia.

829 1125 884 1160 Vt
904 1132 1026 1169 neque
1052 1119 1104 1155 mi
1134 1117 1190 1153 ius
1217 1116 1257 1153 fit
1281 1112 1490 1155 amittendi,

832 1184 904 1210 nec
917 1167 1103 1208 retinendi
1112 1165 1221 1217 copia.
1231 1165 1342 1205 Phor.
1353 1165 1381 1206 l,
1395 1174 1429 1212 3,
1443 1175 1456 1199 1
1467 1172 1487 1207 ς

833 1233 871 1260 et
884 1234 1026 1324 ἕέἔὶαε]
1054 1267 1175 1305 Viden
1198 1278 1236 1302 tu
1260 1262 1369 1301 illum
1393 1258 1491 1317 mili.

835 1333 907 1357 tem
926 1323 1044 1355 1ecum
1070 1318 1113 1353 ad
1132 1326 1169 1352 te
1197 1324 1348 1363 quantas
1376 1320 1490 1360 copias

833 1369 1041 1406 adducere?
1065 1367 1158 1402 Eun.
1179 1366 1247 1406 IV,
1276 1366 1311 1406 6,
1343 1372 1399 1404 17.
1448 1360 1498 1397 ln.

834 1418 1022 1466 angustum
1049 1414 1187 1462 oppido
1215 1424 1317 1450 meae
1352 1420 1490 1458 cogun-

833 1478 892 1504 tur
908 1466 1035 1515 copiae.
1047 1466 1183 1500 Heaut.
1193 1462 1255 1504 XV,
1266 1473 1300 1502 2,
1317 1472 1352 1496 2.

877 1513 1022 1563 Coqua]
1058 1512 1238 1561 Coquendo
1269 1508 1310 1546 fit
1336 1507 1421 1546 faxo
1451 1516 1490 1545 et

833 1564 1027 1602 molendo.
1041 1563 1113 1600 Ad.
1129 1562 1176 1604 V,
1188 1570 1221 1607 3,
1246 1561 1307 1595 61.

878 1627 1036 1678 Coquus]
1063 1624 1211 1668 Cemrii,
1250 1622 1363 1666 lanii,
1383 1621 1496 1671 coqui,

833 1674 1317 1726 fartores‚piscatores.tzun.
1329 1674 1372 1716 11,
1385 1686 1419 1715 2,
1432 1675 1493 1712 26,

887 1731 991 1772 Cor]
1020 1725 1095 1773 Qi
1123 1725 1229 1761 istum
1261 1734 1421 1758 amorem
1447 1732 1495 1758 ex

837 1780 940 1816 corde
960 1776 1095 1813 eiicias.
1114 1773 1213 1810 And.
1233 1773 1276 1814 ΙΙ,
1291 1783 1323 1814 1,
1338 1783 1374 1815 7.
1407 1770 1494 1806 vide

837 1829 968 1867 Notas.
1021 1826 1097 1862 Aut
1120 1822 1187 1859 tibi
1228 1820 1377 1868 nuptiae
1403 1819 1496 1854 haee

836 1879 925 1916 sum
940 1874 1046 1910 cordi.
1074 1880 1109 1910 P.
1137 1869 1260 1907 cordi?
1279 1869 1375 1906 And.
1403 1869 1445 1910 Π,
1460 1879 1495 1911 1,

838 1937 900 1968 28.
930 1926 1060 1971 Neque
1083 1933 1167 1958 meo
1184 1920 1280 1955 cordi
1291 1917 1497 1965 effe-quem.

839 1988 948 2025 quam
967 1971 1154 2009 cariorem.
1182 1970 1276 2004 Eun.
1298 1969 1325 2008 1,
1347 1978 1381 2007 2,
1411 1978 1495 2002 221.

841 2028 938 2063 Cura
957 2035 1000 2058 ex
1020 2022 1123 2057 corde
1144 2017 1296 2054 excessit.
1317 2017 1412 2051 Hec.
1436 2015 1498 2057 m.

843 2088 878 2117 2,
899 2086 956 2109 12.
1010 2068 1178 2107 lustrum
1198 2065 1379 2102 mihisunt
1395 2065 1500 2099 corde

842 2120 995 2159 confilia
1017 2119 1155 2156 omnia.
1178 2117 1330 2152 Phorm.
1353 2115 1395 2155 11,
1417 2124 1497 2156 2,7.

843 2174 1008 2217 Vterque
1035 2169 1178 2215 vtrique
1198 2165 1246 2202 est
1260 2163 1367 2199 cordi.
1386 2162 1502 2199 Phor.

844 2222 893 2264 v»
905 2231 936 2265 3¹
951 2231 965 2254 Ῐ
974 2231 1008 2262 7·

894 2282 1036 2330 Coram]
1064 2282 1151 2320 Sine
1170 2281 1278 2318 illum
1294 2277 1365 2314 huc
1385 2286 1503 2313 coram

847 2334 1034 2371 adducam.
1052 2332 1148 2369 And.
1161 2331 1210 2373 V,
1223 2341 1257 2377 3,
1277 2341 1334 2374 29.
1363 2329 1506 2364 vercor

847 2397 964 2421 coram
983 2383 1022 2418 in
1046 2394 1086 2417 os
1105 2394 1138 2419 te
1158 2379 1314 2416 laudare.
1343 2376 1448 2415 Adel.
1462 2379 1507 2419 11,

851 2448 886 2480 4.
908 2445 938 2478 ς.
957 2433 1080 2468 Coram
1099 2430 1214 2479 ipsum
1229 2428 1334 2466 cedo.
1348 2425 1508 2474 Adelph.

850 2484 913 2526 ΠΙ,
933 2496 968 2527 4,
993 2490 1047 2528 38.

903 2545 1118 2592 Corinthius]
1131 2544 1319 2591 Qaedam
1339 2552 1429 2579 anus
1444 2540 1509 2575 Co·

789 2635 793 2638 ,
851 2598 998 2637 rinthiae.
1009 2597 1140 2635 Heaut.
1154 2597 1214 2639 ul,
1227 2606 1262 2643 3,
1277 2606 1333 2643 39.
1387 2589 1512 2628 Corin.

1437 2637 1514 2674 ehi-s
