1875 3292
422 229 515 278 150

805 217 966 263 ACT.
996 215 1070 260 lv.
1112 214 1303 262 SCEN.
1332 216 1390 262 V.

559 346 697 394 Domi
720 344 936 405 virginem
958 354 1044 390 tam
1073 341 1306 404 grandem,
1340 342 1446 391 dum
1467 346 1676 404 cognatus
1699 342 1786 391 huc

458 433 529 483 40
562 422 687 470 Illinc
707 421 888 472 veniret,
913 416 1260 484 exspestantem'?
1299 419 1418 473 haec,
1444 411 1504 465 mi
1527 428 1664 484 pater,

561 501 635 545 Te
658 496 799 544 dicere
823 512 1010 558 aequom
1033 495 1128 547 fuit,
1148 507 1192 542 et
1211 495 1254 541 id
1279 494 1525 541 defendere.

561 569 651 619 Mt.
672 570 943 619 Ridiculum:
973 569 1396 627 aduorsumnejllum
1408 569 1571 618 causam
1585 569 1787 623 dicerem,

562 649 647 695 Cui
669 642 873 694 veneram
895 646 1162 693 aduncatus?
1195 645 1265 692 sed
1286 645 1392 710 quid
1412 644 1500 699 ista,
1522 645 1747 698 Aeschine,

426 868 558 913 Sedere
584 866 744 920 proprie
780 867 950 919 ignauae
978 863 1088 906 cessa-

426 925 545 964 tionis
577 922 642 962 est.
673 934 710 961 vt
735 924 856 974 (Aen.
877 935 960 970 ΧΠ,
998 926 1088 974 15),

427 980 582 1020 Sedeam·
594 978 829 1032 spectentque
849 979 988 1017 Latini.
1027 980 1089 1025 Et,

425 1037 536 1092 Qid
553 1035 674 1087 fides,
707 1035 868 1079 Verres?
895 1034 989 1088 quid
1004 1033 1090 1089 spe-

429 1095 531 1133 c'tas?
587 1094 637 1132 D.

485 1160 540 1202 39
564 1148 652 1189 Tam
671 1146 868 1204 grandem]
890 1145 1089 1195 Grandem,

385 1249 388 1256 ¹
425 1203 476 1244 ad
495 1212 664 1244 aetatem
687 1215 836 1244 veteres
851 1204 1084 1250 retulerunt,

425 1273 509 1300 non
541 1260 589 1299 ad
617 1272 767 1312 corpus.
821 1262 869 1300 Et
903 1259 946 1299 in
981 1271 1091 1313 parte

426 1317 560 1357 aetatis
581 1315 722 1355 dicitur
738 1317 910 1372 grandis,
941 1329 1026 1355 non
1049 1316 1090 1354 in

426 1384 511 1412 tota
541 1372 637 1421 vita,
666 1370 735 1411 nisi
754 1370 780 1411 fi
801 1371 964 1411 addatur
984 1384 1090 1417 natu,

427 1440 490 1478 vt,
524 1428 685 1469 Grandis
704 1438 797 1468 natu
824 1439 957 1480 parens
975 1427 1092 1475 addu-

427 1485 504 1525 'c‘tus
529 1485 579 1524 ad
595 1484 783 1538 supplicia
801 1499 832 1522 n.
895 1486 943 1524 Et
971 1484 1093 1524 Gran·

429 1542 487 1581 dis
505 1541 650 1592 irfizns,
679 1552 717 1579 et
735 1540 892 1596 grandis
911 1553 1024 1592 ptcer,
1054 1550 1093 1579 et

424 1599 585 1652 grandis
604 1595 770 1649 ephebus,
791 1597 999 1649 etgrandis
1014 1600 1090 1634 vir-

427 1667 477 1708 go
496 1654 599 1691 recle
624 1652 774 1690 dicitur.
832 1655 878 1690 Et
903 1651 1007 1689 vnde
1030 1649 1095 1689 scit

428 1707 658 1752 Aeschinus,
682 1721 730 1746 an
748 1707 929 1762 grandem
948 1706 1007 1744 liic
1027 1705 1094 1745 fin-

429 1766 491 1816 git
512 1763 716 1817 ignotam?
734 1777 783 1802 an
803 1763 894 1813 quia
917 1762 1011 1801 dixit
1029 1776 1093 1813 pa·

430 1833 500 1870 ter,
523 1823 757 1863 Commenta
786 1829 909 1858 mater
939 1818 993 1857 est
1018 1816 1095 1859 effe

429 1890 479 1917 ex
513 1877 590 1916 alio
626 1876 707 1914 viro
739 1872 868 1913 nescio
898 1888 974 1926 quo
1003 1888 1096 1927 pue-

431 1947 517 1974 rum
540 1934 706 1977 natum?
736 1933 840 1984 Ergo
862 1931 1098 1986 etillagran·

432 1992 515 2030 dis:
542 2001 580 2027 et
601 1986 702 2027 serus
725 1986 902 2034 Milefius,
925 1989 1096 2038 quitunc

433 2047 628 2099 virginem
651 2044 770 2096 petit,
803 2056 925 2094 quum
946 2045 1020 2082 iam
1048 2043 1098 2082 al-

434 2103 506 2142 teri
537 2101 624 2140 data
654 2098 716 2148 lit,
745 2099 807 2139 vel
836 2110 942 2152 rapta
964 2101 1099 2153 (nupta

430 2155 538 2209 Mss'.)
558 2156 601 2195 fit
624 2156 744 2195 alteri.
802 2159 852 2197 D.

490 2217 560 2253 Pro
580 2213 664 2252 Huc
693 2225 778 2252 cum
798 2211 897 2253 Edd.
927 2221 1018 2250 vett.
1056 2221 1097 2250 et

431 2270 533 2311 Cod.
562 2270 660 2309 Riuii
689 2280 728 2307 et
757 2271 914 2308 Donato
946 2279 1097 2319 repone

434 2328 532 2366 Hinc
569 2327 679 2364 illinc.
739 2326 837 2364 Nam
877 2321 1002 2362 sensus
1032 2323 1097 2371 est,

433 2387 537 2423 Dum
568 2390 757 2434 cognatus
785 2381 923 2431 aliquis
956 2380 1098 2419 alicun-

435 2440 485 2476 dv
506 2441 660 2484 voniat3
687 2450 767 2486 quo
793 2438 986 2480 innuitur,
1018 2436 1099 2474 nul·

437 2497 515 2533 lum
555 2496 590 2532 ‹·i
620 2494 785 2531 omnino
822 2491 932 2531 fuisso
959 2506 1099 2544 cogna-

439 2563 535 2589 tum.
556 2551 614 2587 cui
642 2550 793 2587 nubo-o
813 2547 945 2599 posset.
1009 2552 1056 2587 Ar
1076 2547 1100 2586 li

442 2608 530 2645 {luc
551 2605 791 2652 ilhnclezgau
814 2604 964 2643 coni-Iri*
1033 2606 1103 2643 Vli-

1582 719 1759 776 ,Nostra
1769 721 1792 767 1³

1191 877 1246 916 40
1278 867 1381 905 Dum
1399 877 1575 920 cognatus
1593 863 1678 903 hinc
1694 862 1795 903 iBinc

1138 923 1307 977 veniret]
1356 920 1655 963 Prouerbialiter
1691 921 1794 962 Hine

1140 977 1247 1017 illinc.
1307 980 1356 1019 D,

1194 1047 1245 1086 41
1288 1034 1337 1074 Et
1375 1034 1416 1073 id
1451 1033 1661 1088 defendere]
1703 1035 1793 1072 Non

1139 1091 1270 1144 potuit
1285 1092 1409 1145 magis
1435 1090 1632 1133 amatorie,
1660 1100 1700 1128 et
1718 1102 1796 1128 ma-

1140 1148 1199 1202 gis
1223 1148 1424 1199 pueriliter
1451 1147 1582 1198 loqui,
1611 1159 1728 1197 quam
1756 1154 1797 1184 vt

1140 1208 1224 1243 non
1247 1214 1452 1244 contentus
1471 1202 1578 1254 quod
1598 1202 1670 1250 ait,
1697 1201 1800 1240 Haec

1139 1260 1256 1300 dicere
1284 1273 1320 1300 te
1351 1272 1504 1314 aequum
1532 1259 1644 1312 fuit:
1682 1258 1800 1297 etiam

1141 1315 1313 1364 adderet,
1344 1318 1395 1356 Et
1412 1317 1453 1356 id
1471 1315 1678 1368 defendere.
1733 1317 1802 1354 Pa·

1141 1383 1196 1412 tet
1233 1382 1365 1412 autem
1395 1373 1518 1424 qualis
1543 1370 1702 1411 affectus
1728 1367 1797 1418 est,

1142 1441 1262 1482 quum
1290 1429 1407 1468 etiam
1438 1428 1535 1480 patri
1559 1425 1609 1466 ob
1630 1427 1801 1466 alienam

1141 1481 1288 1524 causam
1311 1483 1516 1534 blanditur,
1535 1496 1573 1524 vt
1594 1481 1676 1537 ipse
1695 1494 1801 1522 nunc

1142 1541 1302 1582 fimulat.
1361 1545 1413 1584 D.

1198 1610 1253 1648 42
1284 1597 1465 1649 Ridicule]
1506 1597 1720 1637 Vocatiuus
1749 1592 1802 1633 est

1145 1650 1268 1697 casus,
1301 1651 1348 1691 ab
1377 1665 1428 1691 eo
1455 1652 1561 1704 quod
1588 1651 1644 1691 est
1667 1652 1802 1689 ridicu-

1144 1710 1213 1747 lus.
1274 1709 1323 1746 D.
1798 1744 1801 1749 ,

1200 1763 1310 1816 Lege
1329 1760 1588 1813 Aduerfiasttee
1618 1763 1708 1813 quia
1729 1761 1803 1801 hoc

1145 1815 1253 1874 versu
1275 1830 1447 1859 caeterae
1468 1831 1603 1859 omnes
1615 1819 1804 1858 diaionee

1147 1875 1188 1914 in
1207 1888 1242 1914 m
1266 1887 1424 1914 exeunt.
1482 1877 1521 1914 B.

1201 1943 1252 1983 43
1284 1930 1390 1985 Quid
1409 1929 1488 1983 rsta,
1513 1929 1705 1981 ΑςΙῖῑόἱηε,
1737 1942 1803 1968 no·

1135 1986 1270 2041 stra?]
1303 1988 1375 2028 Hic
1407 1988 1482 2026 iarn
1512 1988 1642 2026 vltima
1672 1983 1805 2036 despe-

1147 2044 1242 2083 ratio
1273 2055 1310 2082 et
1329 2040 1560 2084 Aeschinum
1589 2044 1628 2084 in
1658 2038 1805 2082 conses-

1145 2099 1292 2139 {ionem
1312 2097 1535 2150 protrahet,
1562 2110 1602 2138 et
1623 2100 1662 2139 in
1684 2097 1805 2138 finem

1148 2155 1324 2196 fallaciae
1361 2153 1493 2195 senem
1525 2154 1706 2196 deducet.
1760 2156 1806 2194 Et

1145 2212 1253 2251 bene
1299 2212 1460 2263 quidem
1513 2211 1650 2263 Nostra
1698 2209 1806 2249 dixit.

1146 2280 1296 2307 memor
1317 2267 1370 2306 est
1382 2269 1488 2307 enim
1514 2265 1552 2306 se
1572 2262 1808 2319 respondisse

1150 2321 1348 2365 Aeschino
1394 2324 1668 2376 interroganti,
1711 2321 1806 2362 Tibi

1150 2393 1241 2419 vero
1268 2379 1361 2431 quid
1394 2379 1469 2418 istic
1501 2380 1554 2419 rei
1587 2377 1666 2423 est?
1701 2376 1806 2418 Nihil

1150 2436 1242 2476 milii
1280 2435 1448 2485 quidem.
1504 2439 1650 2475 'l'otum
1680 2446 1807 2472 nutem

1150 2492 1224 2530 hoc
1252 2488 1367 2531 senex
1391 2493 1436 2530 ad
1465 2491 1500 2531 id
1523 2491 1692 2543 redegit.
1725 2502 1806 2527 nnn

1151 2560 1226 2587 tam
1264 2560 1301 2586 vt
1333 2559 1533 2599 torqueret
1561 2545 1809 2592 Aeschinum,

1156 2618 1270 2655 quam
1301 2615 1337 2642 rt
1356 2607 1481 2644 maius
1498 2603 1640 2643 faceret
1661 2601 1808 2641 benefi-

444 2661 580 2701 lvlium
623 2662 728 2698 illum
772 2675 861 2699 vere
899 2673 1105 2711 cognatum
1157 2662 1256 2698 cium
1287 2658 1412 2708 suum,
1444 2658 1683 2711 exponendo
1712 2659 1746 2694 »d
1770 2659 1811 2698 iu

445 2715 534 2761 ess'e,
558 2730 596 2755 et
617 2717 681 2755 diu
705 2714 980 2766 exspectatum,
1014 2716 1105 2754 dum
1159 2716 1262 2768 quod
1276 2715 1808 2767 pen(-poi-iculumamoreiuz

448 2777 557 2823 virgo
581 2771 848 2826 grandiuscula
868 2773 909 2811 sit
931 2771 1036 2812 sac'ia.
1068 2776 1106 2812 B.

1160 2772 1361 2813 insideret.
1421 2774 1467 2812 1).
