1827 3180
659 33 1012 82 PHORMIO.

1419 35 1515 92 587

267 165 548 220 Vinolentus.
580 164 672 212 fere
695 162 853 212 abhinc
875 176 1015 210 annos
1037 158 1305 226 quindecim,
1338 159 1517 208 mulier·

367 243 510 290 culam

264 322 374 371 Eam
398 314 667 383 compreffit,
699 315 815 365 vnde
846 314 954 362 haec
973 308 1145 361 nata’st:
1175 326 1323 375 neque
1343 308 1515 377 postilla

360 411 555 458 vnquam
587 394 742 455 attigit.

169 490 232 540 30
263 475 327 521 Ea
349 483 538 518 mortem
561 470 693 518 obiit:
739 483 764 517 e
785 464 932 515 medio
951 464 1068 518 abiit,
1093 464 1173 529 qui
1199 463 1285 512 fuit
1306 464 1352 511 in
1371 478 1421 511 re
1434 461 1516 510 hac

367 547 606 612 scrupuluS.

268 625 573 680 Quamobrem
605 632 648 668 te
673 637 778 673 oro,
805 630 853 668 vt
874 618 953 666 alia
972 628 1047 665 tua
1069 612 1181 666 fasta
1214 615 1334 669 sunt,
1375 631 1517 679 aequo

368 702 516 746 animo
540 699 626 746 hoc
647 697 774 745 seras.

270 772 321 824 N
337 788 387 821 A.
429 773 553 830 Quid
574 789 658 834 ego
679 788 820 836 aequo
842 770 1021 819 animo?
1051 770 1186 836 cupio
1206 766 1360 816 misera.
1378 767 1424 813 in
1436 765 1518 813 hac

370 868 418 898 re
441 853 525 897 iam
549 849 793 909 defungier.

272 927 358 975 Sed
383 926 489 990 quid
510 924 710 990 sperem?
742 934 878 974 aetate
899 938 1038 992 porto
1062 922 1209 971 minus
1232 928 1519 995 peccaturum

371 997 560 1069 putem?

1424 1072 1522 1117 Iam

139 1206 262 1245 Locus
291 1203 331 1242 in
358 1201 431 1241 hac
449 1197 558 1240 causa
578 1200 802 1254 principalis
850 1199 894 1242 {it
911 1198 1058 1253 (fherit
1075 1199 1138 1250 Z.)
1151 1226 1162 1244 ,
1189 1198 1233 1237 in
1252 1209 1327 1248 qua
1346 1207 1388 1234 re
1407 1196 1523 1248 igno-

139 1260 205 1308 est‚
226 1259 293 1297 ἂπδ
315 1261 375 1302 τῆς
395 1256 592 1305 συγγνῶμης
619 1276 660 1296 κα

139 1333 189 1358 ας.
222 1327 261 1356 et
281 1314 372 1354 ideo
394 1315 434 1352 in
457 1313 534 1352 duo
557 1313 704 1359 diuifit,
731 1325 804 1352 nec

139 1372 386 1427 Negligentia
407 1371 508 1408 circa
524 1380 588 1418 te,
600 1383 673 1410 nec
696 1369 807 1417 Odio,

138 1429 292 1480 inquit,
325 1425 479 1466 saetam
537 1431 741 1468 Praeterea
769 1437 809 1464 et

145 1489 346 1529 περιτάσεως
372 1481 522 1521 addidit
551 1480 724 1534 (Praesto
745 1481 808 1520 ad·

146 1540 246 1580 didit
263 1536 334 1582 Ms.
353 1541 404 1578 H.
423 1541 462 1578 B.
483 1550 572 1577 cum
588 1537 684 1578 Edd.
696 1538 808 1588 vett.)

144 1595 430 1644 defenfionem,
461 1594 700 1642 Vinolentus,
719 1593 810 1646 fere

150 1652 281 1693 abhinc
298 1664 413 1690 annos
431 1651 647 1704 quindecim,
664 1648 808 1689 mulier-

151 1708 294 1756 culam,
328 1718 398 1748 etc.
428 1707 476 1746 ab
504 1718 632 1747 aetate
657 1707 759 1755 eius,
789 1719 813 1745 a

151 1775 332 1817 tempore
351 1763 537 1813 criminis,
561 1762 813 1802 adiminutio-

153 1832 206 1861 ne
242 1829 525 1871 contemtuque
554 1818 724 1872 pellicis,
764 1817 813 1857 ab

152 1888 317 1924 euentu,
364 1874 412 1913 ab
451 1877 583 1916 animo
613 1873 813 1914 facientis:

154 1931 259 1984 quod
284 1942 435 1970 mortua
464 1931 540 1971 est:
570 1929 815 1984 postremoet

152 2003 175 2027 a
205 1986 392 2039 precibus.
449 1992 499 2030 Et
524 1988 726 2041 epilogum
745 1984 816 2024 ἀπὸ

154 2047 218 2086 τῖς
256 2046 383 2086 εὐνοίας
415 2047 477 2087 τῖς
516 2048 680 2090 ἐκβάσεως
709 2041 814 2090 fecit,

663 1266 675 1294 ῑ
703 1258 803 1296 εὖνοί·
854 1258 952 1297 ratio
980 1267 1022 1295 et
1049 1253 1261 1294 obsecratio
1284 1253 1523 1304 opponitur:

854 1311 1107 1366 Quamobrem
1128 1323 1164 1350 te
1190 1323 1272 1348 oro.
1327 1312 1370 1350 E.

918 1366 1152 1421 Vinolentus]
1187 1369 1237 1407 V.
1270 1365 1319 1406 C.
1348 1364 1522 1406 Vinolen-

858 1439 927 1466 κν.
981 1427 1024 1466 L.

911 1493 970 1534 29
1008 1478 1100 1520 Eam
1144 1473 1362 1531 compreffit]
1410 1479 1524 1517 Bene

859 1536 956 1575 dixit
987 1531 1230 1588 Compreffit:
1264 1532 1369 1585 quod
1401 1533 1527 1571 inter-

860 1593 953 1632 dum
977 1591 1031 1632 est
1052 1603 1135 1630 non
1157 1591 1316 1636 amoris,
1342 1587 1407 1628 sed
1427 1590 1527 1628 iniu-

861 1650 953 1689 riae.
1020 1647 1150 1700 Neque
1182 1644 1328 1699 postilla
1363 1658 1528 1699 vnquam

861 1705 1014 1761 attigit]
1031 1706 1089 1744 Ita
1106 1701 1193 1742 faffi
1211 1701 1420 1754 poenituit.
1450 1702 1528 1743 Hic

862 1763 968 1801 locus
995 1759 1064 1798 ἂπδ
1097 1762 1159 1802 τῆς
1188 1763 1350 1805 ἐκβάσεως
1379 1756 1453 1804 est,
1483 1757 1526 1797 id

864 1817 945 1865 est,
979 1815 1026 1856 ab
1056 1827 1106 1855 eo
1136 1815 1241 1866 quod
1270 1813 1446 1854 futurum
1469 1812 1525 1852 fit.

863 1873 1014 1915 facilius
1051 1872 1160 1911 enim
1195 1867 1407 1926 ignoscitur
1443 1882 1529 1909 nou

863 1931 961 1970 vltra
981 1928 1208 1982 peccaturis.
1266 1928 1317 1967 D.

919 1998 971 2039 31
1010 1988 1062 2025 Vt
1109 1984 1188 2023 Tua
1229 1991 1407 2028 acuatur,
1447 1981 1526 2034 leg.

865 2055 953 2081 cum
979 2040 1081 2082 Cod.
1110 2038 1281 2080 Petrenfl
1329 2038 1413 2076 Τιὶα
1429 2036 1527 2088 ficut

158 2099 379 2138 admonens
404 2099 506 2139 illam
528 2100 697 2138 oratorie
709 2111 816 2138 man·
855 2099 994 2151 finan,-
1022 2107 1140 2147 atque
1159 2106 1198 2133 vt
1217 2096 1354 2134 Animo
1374 2093 1436 2131 hic
1463 2106 1529 2132 eo-

158 2153 370 2194 suetudinis
389 2150 488 2194 suae.
543 2157 592 2195 D.

216 2218 266 2260 28
304 2209 540 2264 Vinolentus]
578 2208 642 2250 Ab
675 2210 818 2260 impru-

160 2266 296 2306 dentia
333 2264 519 2305 defenfio.
579 2264 728 2304 Abhinc
757 2277 820 2303 an·

161 2337 228 2362 nos
250 2322 470 2377 quindecim]
501 2326 535 2364 A
556 2332 735 2373 tempore
754 2319 821 2359 de-

162 2378 296 2420 senno.
351 2382 402 2420 D.

219 2434 478 2486 Subiungitur
498 2434 678 2479 narratio,
710 2432 821 2472 Vino-

162 2490 285 2532 lentus
313 2490 443 2530 abbmc
457 2505 570 2531 annos
585 2489 699 2543 XVI]
719 2489 821 2529 Cum

164 2547 310 2591 veniali
334 2547 452 2599 statu,
481 2546 586 2602 quod
614 2545 821 2589 vinolentus

867 2154 959 2193 dem
975 2153 1018 2192 {it
1037 2162 1220 2198 accentu,
1249 2163 1328 2202 quo
1357 2162 1447 2188 mox
1469 2163 1530 2189 re-

867 2211 1014 2260 petitur
1055 2209 1158 2262 Lege,
1190 2208 1319 2260 Aequo
1339 2206 1463 2246 Animo
1485 2217 1528 2249 et

869 2263 1069 2316 hbcfiras.
1126 2266 1168 2304 B.

923 2332 977 2373 32
1012 2317 1245 2376 Defungier]
1266 2316 1529 2374 Defimgi,d3.

868 2375 1006 2416 finere.
1062 2378 1112 2416 D.

925 2445 976 2487 33
1006 2433 1139 2471 Aetate
1165 2443 1283 2484 porro
1307 2433 1426 2470 minus
1450 2443 1529 2484 pec-

871 2501 1039 2529 caturum
1065 2488 1245 2542 putem?]
1278 2489 1385 2539 Quia
1414 2488 1527 2538 dixit,

869 2545 1017 2588 Abhinc
1034 2557 1151 2588 annos
1173 2545 1391 2602 qumdeca'm.
1421 2549 1471 2586 Ι).

1423 2603 1534 2654 Quia
