1875 3244
679 188 982 240 HECYRA.

1401 189 1494 244 283

265 334 409 386 Quam
431 325 555 373 mihi.
595 323 685 370 heu
718 338 790 368 me
822 311 1067 367 infelicem!
1107 313 1294 362 hancine
1324 326 1408 372 ego
1440 312 1500 356 vi-

362 416 449 452 tam
462 399 570 467 parsi
586 398 770 465 perdere
780 398 802 442 ἱ)

263 483 436 530 Hacine
460 477 577 525 causa
599 492 682 535 ego
705 489 822 520 eram
849 481 1079 534 tantopere
1103 464 1288 530 cupidus
1312 461 1502 513 redeun-

366 556 409 602 di
434 551 648 601 domum?

268 635 352 682 Cui
384 641 548 695 quanto
581 627 721 674 fuerat
759 618 1082 688 praestabilius,
1131 615 1275 665 vbiuis
1307 615 1507 677 gentium

369 722 496 768 agere
529 714 727 754 aetatem,

206 803 230 850 ς
276 789 421 840 Quam
449 782 535 827 huc
557 779 719 826 redire:
753 784 882 839 atque
905 772 1010 819 haec
1032 772 1089 818 ita
1103 765 1186 817 effe
1213 768 1422 815 miserum
1437 777 1510 811 me

370 857 605 907 resciscere.

1389 921 1512 965 Nam

193 1080 319 1123 Nostri
348 1078 435 1118 libri
468 1075 661 1116 collocant
687 1072 802 1120 reete,
852 1071 912 1111 ine
948 1067 1063 1122 carisa
1101 1079 1201 1110 eram
1238 1066 1305 1121 e‘go
1347 1073 1517 1115 tantope-

140 1139 295 1180 Nemini
323 1136 432 1188 plura
464 1147 540 1189 ego.

142 1198 235 1235 mini
261 1205 296 1233 vt
319 1193 457 1232 Nemni
476 1189 529 1230 est
547 1186 807 1241 pronuncian-

148 1253 255 1294 dum.
314 1252 355 1290 B.

201 1377 226 1406 2
267 1363 350 1403 Heu
380 1373 435 1399 me
469 1355 704 1410 infilicem!]
745 1352 809 1394 Ab

147 1417 226 1472 ipsa
282 1417 443 1468 {implici
511 1413 810 1452 exclamatione.

149 1477 233 1516 Heu
253 1489 305 1513 me
327 1470 558 1524 infelicem!]
582 1472 812 1520 Lacrytnans

149 1532 226 1571 hoc
265 1531 368 1569 dicit.
445 1528 609 1566 Hancine
651 1537 713 1577 ego
753 1524 808 1560 vi-

149 1588 245 1641 tam]
277 1585 340 1625 Ab
369 1599 416 1624 eo
448 1582 553 1634 quod
573 1581 627 1620 ⁴ab
648 1577 812 1618 aduerlis

151 1645 200 1683 ad
229 1639 386 1681 aduersa
421 1639 568 1678 delatus
597 1636 651 1675 lit.
709 1630 820 1685 Pmfi

148 1702 320 1754 perdere]
357 1700 485 1741 Pareo,
508 1687 821 1742 conseruo,parfi'

153 1757 266 1798 facit:
298 1755 430 1800 Pareo,
447 1752 598 1789 veniam
612 1748 674 1795 do,
691 1757 816 1800 peper-

157 1817 199 1852 ci.
258 1810 382 1853 Modo
404 1821 499 1860 ergo
521 1805 722 1853 continui,
754 1801 817 1841 ab·

158 1864 490 1919 stinuilignifimt.
549 1864 599 1915 Dy

215 1926 399 1964 Hunccine
412 1934 477 1975 ego
492 1921 611 1958 vitam
627 1912 818 1969 parfiper·

162 1981 297 2033 dere?]
330 1982 416 2018 Hoc
451 1975 522 2018 est.
562 1972 734 2017 sei-uani,
769 1982 821 2008 ne

162 2038 380 2091 perderem.
416 2060 419 2064 -
439 2029 556 2081 Parsi
569 2031 674 2069 enim
697 2027 749 2067 est
772 2026 820 2064 ab

165 2107 224 2133 eo.
252 2091 355 2143 quod
375 2089 426 2128 est
437 2100 565 2142 parco¹
610 2085 688 2126 Sed
705 2085 825 2135 sipar-

168 2165 204 2189 ευ
227 2148 421 2199 fignificat,
453 2146 606 2183 veniam
624 2141 684 2189 do,
719 2151 825 2192 prae-

169 2206 325 2244 teritum
346 2203 448 2250 facit,
467 2200 642 2253 perperci.
685 2199 725 2238 Si
743 2208 825 2248 par-

171 2275 224 2305 co,
247 2257 442 2305 conseruo,
460 2255 714 2309 praeteritum
732 2250 833 2306 parfi

171 2316 272 2355 facit.
328 2317 370 2354 E.

230 2372 340 2419 Pmfi'
360 2367 524 2421 perdere]
558 2364 742 2407 Diomed.
762 2362 830 2402 lib.

173 2440 201 2471 1.
232 2424 406 2467 Priscian.
427 2424 491 2464 lib.
512 2437 548 2465 x.
603 2426 646 2465 L.

234 2551 255 2591 3
291 2535 453 2589 Cupidus
477 2534 653 2575 redeundi
668 2531 832 2585 domum]

178 2595 241 2636 Ab
263 2608 309 2632 eo
332 2591 435 2644 qnod
457 2602 592 2629 contra
619 2588 724 2642 spem
749 2602 837 2628 con-

181 2653 270 2703 tigit
291 2651 445 2688 nmium.
505 2650 549 2685 1).

239 2715 435 2748 Accentus
457 2703 573 2755 gratia
586 2714 736 2754 repone
749 2702 842 2741 llae-

599 1129 698 1171 lllud
727 1129 801 1168 Ne·
853 1141 903 1167 re.
961 1129 1002 1166 B.

910 1196 938 1236 4
975 1182 1108 1222 Vbiuis
1132 1180 1298 1236 gentium
1330 1189 1436 1231 agere
1457 1187 1519 1213 ae-

857 1239 993 1293 tatem]
1040 1242 1077 1279 A
1129 1237 1320 1276 malorum
1364 1231 1521 1272 suorum

859 1296 1166 1348 comparatione.
1236 1289 1369 1332 Vbiuis
1401 1289 1524 1343 genti-

858 1365 920 1391 um
947 1365 1056 1406 agere
1073 1349 1269 1402 aetatem]
1284 1349 1431 1399 Magna
1450 1343 1523 1382 de·

860 1407 1010 1447 testatio
1030 1403 1240 1458 praesentis
1258 1403 1342 1449 loci,
1370 1401 1524 1452 eligere

862 1460 1014 1515 quasuis
1054 1474 1193 1509 terras,
1244 1459 1304 1499 vel
1349 1456 1526 1509 quamuis

863 1531 1024 1573 gentem
1045 1520 1172 1571 potius
1186 1546 1196 1563 ‚
1234 1528 1350 1567 quam
1369 1526 1454 1552 eam
1480 1514 1524 1550 in

864 1590 938 1627 qua
958 1575 1023 1614 est.
1058 1576 1164 1626 Virg.
1187 1574 1309 1624 (Aen.
1329 1583 1390 1617 111,
1411 1570 1528 1619 601.)

863 1630 994 1671 Tollite
1012 1631 1216 1674 meTeucri,
1237 1622 1531 1680 quafiunqueab-

868 1689 990 1728 ducite
1013 1700 1147 1727 terras.
1202 1688 1255 1725 Et
1279 1683 1454 1722 Gentium
1466 1679 1530 1718 hie

868 1743 1053 1784 abundat.
1107 1746 1154 1783 Et
1173 1742 1288 1788 bene,
1307 1738 1531 1792 Vbiuisgen-

869 1803 963 1840 tium
973 1813 1083 1854 agere
1101 1811 1280 1838 aetatem:
1311 1798 1402 1846 quia
1421 1792 1532 1843 supra

870 1858 1032 1902 dixerat,
1053 1857 1222 1895 Hancine
1232 1867 1298 1908 ego
1307 1848 1533 1902 vttamparsz

868 1912 1042 1966 perdere?
1069 1912 1195 1953 Nimis
1216 1911 1324 1949 enim
1344 1908 1534 1959 tragicum

873 1968 1004 2015 fieret,
1037 1966 1168 2008 Satius
1189 1980 1269 2006 erat
1301 1968 1338 2004 in
1360 1965 1456 2002 mari
1475 1974 1536 2014 pe·

875 2028 961 2066 rire.
1022 2027 1070 2064 D.

933 2082 973 2120 V
970 2078 1062 2121 biuis
1068 2078 1256 2134 gentium]
1279 2078 1364 2116 Hoc
1377 2074 1444 2121 est,
1454 2073 1539 2112 vbi·

876 2150 1044 2189 cunque.
1100 2140 1144 2177 E.

930 2193 1030 2234 lllud
1056 2193 1147 2239 Cui,
1185 2198 1375 2229 mutatum
1403 2188 1442 2225 in
1464 2185 1538 2232 Ab.

879 2262 1039 2302 appone
1092 2245 1343 2299 praecedenti
1400 2239 1537 2282 versui.

879 2310 976 2347 Nam
1006 2307 1055 2343 ita
1077 2317 1114 2343 et
1140 2314 1284 2346 metro,
1323 2311 1361 2338 et
1381 2300 1539 2350 loquen-

880 2364 926 2401 tis
947 2359 1102 2401 affeclui
1121 2361 1197 2398 vim
1217 2354 1540 2397 addes.Cf.And.

881 2432 928 2466 11,
951 2431 983 2463 1,
1003 2429 1043 2470 7.
1101 2419 1142 2456 B.
1212 2467 1214 2469 .

941 2487 963 2527 5
1003 2475 1126 2525 Atque
1156 2470 1240 2509 haec
1270 2471 1324 2507 ita
1353 2467 1415 2519 effe
1444 2465 1543 2516 mifi-

886 2545 966 2571 rum
996 2543 1051 2569 me
1077 2524 1278 2581 refit'ficre]
1323 2524 1442 2574 Quod
1481 2524 1544 2569 ait,

885 2586 1133 2638 lacrymantis
1184 2581 1249 2622 est.
1324 2578 1542 2631 qukislere,

892 2642 946 2682 est
965 2642 1027 2681 vix
1049 2640 1230 2692 reperire,
1253 2638 1356 2689 quod
1371 2637 1420 2674 tle
1435 2635 1549 2674 indu-

891 2699 977 2739 stria
998 2697 1123 2737 fuerat
1143 2696 1315 2736 celatum.
1371 2697 1421 2736 D.
