1827 3180
611 196 969 247 PHORMIO.

1370 216 1468 269 493

180 342 209 391 ς
245 329 393 389 Negat
412 325 629 374 Phanium
653 323 735 375 ess‘e
748 326 858 376 hanc
871 325 948 376 fibi
970 337 1199 390 cognatam
1212 332 1474 398 Demipho?

144 399 152 403 ⁸
238 406 369 452 Hanc
391 402 617 467 Demipho
640 415 771 464 negat
789 401 871 451 effe
892 407 1154 466 cognatam?
1185 403 1237 454 G
1252 420 1294 455 Ε.
1325 420 1472 470 negat.

193 527 200 529 .
238 477 338 528 DE.
360 479 508 544 Ipsum
531 476 613 525 esse
637 483 811 544 opinor,
835 478 888 527 de
901 496 990 543 quo
1002 481 1205 542 agebam:
1226 482 1471 546 sequimini.

237 553 336 604 PH.
379 559 540 618 Neque
566 556 659 602 eius
680 567 852 620 patrem
875 556 914 602 se
943 557 1047 603 scire
1067 560 1144 621 qui
1173 558 1339 606 fuerit?

338 627 390 677 G
405 644 443 676 Ε.
483 642 626 692 negat.

240 699 335 754 PH·-
373 710 472 752 Nec
495 706 774 772 Stilphonem
794 706 935 774 ipsum
956 707 1060 756 scire
1080 711 1156 774 qui
1179 709 1341 758 fuerit?
1371 706 1469 759 GE.

335 792 482 843 negat.

162 1010 186 1058 ’ς
216 1000 345 1060 Negat
367 996 553 1043 Phanium
580 1001 646 1056 ff
670 1001 762 1042 hanc

103 1055 170 1110 fi'ln
194 1060 436 1115 cognatam‘?]
467 1060 658 1100 Additum
676 1074 760 1112 prof

106 1130 253 1162 nomen
275 1117 350 1157 est:
378 1115 477 1169 quali
499 1127 628 1156 notam
641 1117 763 1155 omni-

108 1174 177 1213 bus
190 1173 346 1213 diceret.
402 1173 585 1212 Phanium
597 1172 658 1225 eff?
668 1173 762 1212 hanc

99 1232 173 1286 fibi
201 1229 452 1284 cognatam?]
478 1235 631 1283 Magno
652 1229 763 1284 inge-

109 1289 176 1327 nio
188 1287 396 1327 Terentius
411 1286 694 1337 impudentiam
704 1296 762 1325 ca—

109 1343 350 1384 lumniatoris
391 1343 584 1394 expreffit.
660 1346 761 1384 Nam

107 1408 146 1439 'et
168 1399 272 1450 prior
290 1397 444 1449 incipit,
474 1409 513 1438 et
531 1398 636 1449 prior
655 1410 754 1437 accu-

107 1455 171 1496 sat.
226 1457 273 1494 Et
301 1455 493 1504 quianon
522 1453 645 1506 potest
662 1454 762 1493 dice-

106 1525 160 1559 re,
171 1509 333 1561 expellit
344 1509 530 1550 Phanium
542 1509 764 1562 Demipho?

105 1577 218 1622 'tegat
247 1577 456 1619 cognatam,
496 1567 635 1617 inquit.
693 1567 762 1606 Co·

103 1636 260 1680 gnatam
295 1621 533 1675 Demipho?]
572 1625 678 1662 Haec
707 1621 762 1661 est

104 1678 310 1733 flagitatio,
344 1690 444 1729 quae
473 1681 586 1716 etiam
610 1691 761 1717 nomen

103 1730 340 1777 tumultuose
377 1731 615 1785 persequitur
645 1743 760 1785 atque

103 1793 286 1845 exagitat.
340 1789 435 1831 Ideo
466 1789 625 1828 callidus
657 1787 760 1843 syco-

105 1848 252 1900 phanta
264 1844 547 1898 patrisfamilias
561 1848 762 1898 proprium

106 1915 255 1942 nomen
291 1916 373 1941 non
409 1901 532 1941 solum
571 1899 762 1941 inuidiose

1372 868 1472 913 Pu.

812 1018 913 1059 quae
961 1017 1095 1047 tamen
1134 1004 1243 1049 sensu
1290 1001 1472 1051 discerni·

813 1074 884 1103 tur.
942 1066 991 1103 D.
1415 1096 1418 1097 γ

866 1126 888 1169 3
921 1118 1141 1174 Sequimini]
1172 1123 1362 1173 Apparet,
1388 1123 1470 1164 De·

811 1175 1053 1227 miphonem‚
1086 1188 1124 1228 vt
1143 1177 1474 1228 patremfamilias,

812 1231 1025 1284 perturbari
1070 1245 1154 1271 non
1199 1233 1472 1275 mediocriter:

812 1290 958 1339 quippe
985 1286 1122 1339 qui'et
1148 1287 1352 1329 aduocatos
1379 1304 1472 1330 con-

810 1343 1006 1395 quiliuerit
1043 1342 1222 1384 aduersus
1267 1345 1471 1387 hominem

809 1399 890 1438 fine
907 1400 1101 1440 aduocatis
1120 1413 1316 1454 agentem,
1336 1413 1377 1442 et
1387 1418 1474 1456 pro-

812 1455 925 1508 gredi
950 1468 1030 1494 non
1050 1455 1211 1505 audeat,
1240 1457 1309 1497 nili
1337 1459 1392 1498 illi
1423 1457 1475 1499 se·

811 1522 988 1563 quantur.
1045 1512 1269 1568 Sequintini]
1291 1516 1472 1569 Sequimi-

811 1571 852 1606 ni
882 1567 997 1614 dicit,
1037 1571 1104 1620 qui
1131 1572 1400 1621 properantius
1431 1582 1473 1611 et

811 1625 1064 1665 concitatiore
1091 1625 1215 1678 gradu
1243 1629 1373 1680 pergit
1399 1628 1472 1668 ira·

810 1689 882 1719 tus.
937 1681 986 1719 D.

865 1747 893 1788 9
920 1730 1002 1774 Nec
1020 1729 1245 1789 Stilphonem
1261 1732 1379 1791 ipstcm
1391 1738 1472 1793 fii-

810 1796 852 1833 're
870 1794 934 1844 qui
948 1791 1134 1847 Ῑὶιενὶτὲ]
1161 1797 1269 1835 Haec
1286 1792 1474 1837 affeuerae

811 1848 866 1886 tio
886 1850 1113 1888 mentientis
1134 1849 1207 1896 est,
1238 1851 1387 1890 imitata
1407 1865 1471 1892 ve-

811 1904 974 1942 ritatem.
1028 1905 1109 1944 Nec
1119 1904 1345 1958 Stilphonem
1356 1907 1472 1960 ipsum

107 1958 238 2004 infert,
262 1955 325 1996 sed
347 1959 461 1996 etiam
482 1959 638 2008 repetit.
669 1960 719 1998 D.
800 1959 920 2011 fiire]
960 1960 1091 2009 Quam
1117 1964 1236 1999 multa
1261 1964 1479 2004 calumnia-⁷

163 2015 291 2067 Negat
329 2013 511 2053 Phanium
548 2014 626 2067 effe]
674 2008 763 2054 Vid.
812 2026 914 2055 tores
933 2012 1122 2055 clamandi
1143 2015 1250 2058 causa
1262 2017 1409 2068 dicunt,
1428 2029 1472 2061 et

106 2067 250 2120 Aquila
277 2072 386 2116 Rom.
418 2069 467 2107 de
495 2068 696 2110 Nominib.
724 2069 763 2108 fi-

108 2137 234 2178 gurat.
258 2125 298 2162 in
318 2124 551 2175 Anadiplofi.
605 2127 650 2166 L.

163 2183 188 2222 6
223 2180 368 2233 Negat]
399 2183 486 2219 Vna
515 2193 631 2231 opera
661 2184 762 2223 Geta

109 2236 150 2275 in
173 2236 318 2286 duplici
339 2233 502 2274 versatur
520 2237 624 2275 dolo.
664 2239 761 2276 Nam

109 2303 149 2331 et
175 2292 356 2330 audiente
375 2292 450 2330 iam
477 2291 590 2336 sene,
620 2289 658 2329 se
676 2294 761 2330 eius

108 2345 354 2388 defensorem
382 2358 560 2396 tanquam
581 2345 759 2395 absentis,

109 2404 312 2444 affimulat:
343 2413 382 2439 et
412 2403 531 2440 irritat
550 2402 596 2441 ad
620 2402 760 2441 vocife-

109 2461 298 2500 rationem
343 2456 615 2496 Phormionem
638 2489 646 2506 ‚
694 2459 758 2510 qui

108 2514 299 2556 clamandi
326 2514 479 2552 vlterius
503 2512 649 2553 causam
678 2528 759 2554 non

108 2572 284 2618 haberet,
304 2568 328 2608 li
349 2579 490 2608 taceret
508 2572 615 2609 Geta.
656 2570 704 2610 D.

162 2639 190 2680 7
218 2627 345 2678 Neque
364 2627 441 2665 eius
465 2638 608 2679 patrem
625 2625 759 2679 sesti·

108 2693 167 2731 re,
198 2686 261 2737 qui
281 2681 463 2736 fueriti]
493 2682 760 2737 Ambiguitas=

812 2067 1074 2112 vociferandi:
1122 2081 1161 2111 vt
1192 2071 1274 2124 ipso
1311 2075 1470 2128 strepitu

814 2128 1005 2170 terreant!
1077 2127 1157 2168 Nec
1187 2128 1412 2182 Stilphonem
1441 2134 1473 2170 i·

807 2181 933 2235 pfitm]
963 2184 1216 2222 Tantundem
1227 2187 1333 2236 quod
1346 2186 1472 2240 supra,

811 2239 941 2291 Neque
967 2241 1045 2276 eius
1061 2251 1216 2290 patrem.
1272 2244 1381 2282 Scire
1399 2244 1472 2283 de·

810 2292 945 2332 bemus
973 2291 1046 2331 hoc
1064 2307 1212 2332 nomen
1236 2309 1318 2337 non
1340 2298 1472 2343 fletum

809 2362 830 2387 a
848 2346 1020 2400 parasito,
1045 2346 1106 2388 sed
1128 2349 1303 2392 auditum
1322 2369 1342 2393 a
1361 2357 1474 2408 puel-

810 2405 865 2447 la,
899 2415 998 2455 quae
1028 2417 1122 2443 vxor
1147 2404 1261 2445 dueta
1286 2408 1347 2456 fit,
1377 2412 1470 2454 dici.

809 2459 955 2515 Negat]
985 2457 1145 2503 Σόλληψις
1176 2463 1311 2512 prima.
1368 2470 1471 2511 Nam

809 2514 1044 2554 extrinsecus
1060 2515 1305 2561 audiendum
1314 2520 1379 2573 est,
1396 2517 1470 2565 Pa-

810 2585 877 2612 ter.
935 2575 982 2614 D.

862 2628 1041 2668 Bentleio
1071 2626 1222 2669 videtur
1239 2628 1367 2674 versus
1385 2629 1468 2684 effe

807 2679 954 2737 spurius
972 2694 1193 2739 propterea,
1224 2680 1328 2741 'quod
1345 2692 1469 2734 Phor.

1380 2762 1465 2790 mm
