1875 3292
439 203 504 266 36

840 198 996 265 ACT.
1031 197 1085 244 11.
1134 195 1331 245 SCEN.
1374 196 1408 244 1.

575 322 678 375 SA.
717 325 952 379 Aeschine,
991 324 1116 379 audi,
1151 340 1210 372 ne
1233 334 1278 372 te
1310 325 1516 386 ignarum
1536 318 1662 371 fuisse
1696 321 1811 370 dicas

675 418 879 448 meorum
902 417 1097 453 morum,

566 482 700 527 -Leno
735 494 818 538 ego
849 476 955 524 snm.
997 475 1100 523 AF..
1133 474 1232 522 scio.
1263 471 1365 522 SA.
1400 477 1535 531 atita,
1566 475 1813 540 vtvsquam

674 553 758 600 fuit
775 551 859 599 fide
887 552 1112 616 quisquam
1139 564 1335 616 optuma.

577 635 657 679 Tu
682 628 803 692 quod
823 639 866 676 te
887 627 1100 694 posterius
1120 644 1301 693 purges,
1335 625 1450 674 hanc
1474 628 1680 675 iniuriam
1701 627 1827 676 mihi‘

681 705 800 750 nolle

574 778 753 830 Fanam
788 775 894 833 effe,
927 778 1060 825 huius
1092 795 1185 826 non
1217 779 1387 827 faciam·
1426 778 1555 828 crede
1574 778 1686 834 hoc,
1727 794 1814 842 ego

674 872 826 904 meum
847 857 916 902 ius
937 854 1184 921 persequar.

444 1081 500 1131 lit,
524 1077 690 1120 dicendo
710 1077 870 1120 Iterum:
898 1087 938 1118 vt
949 1091 1031 1118 non
1044 1090 1106 1118 ea-

445 1139 537 1178 dem
560 1139 604 1176 lis
623 1133 729 1183 esset,
751 1135 801 1175 dc
819 1148 893 1186 qua
905 1133 1106 1186 supraDe-

445 1208 536 1236 mea
562 1192 712 1245 questus
731 1191 804 1232 est:
828 1189 892 1231 sed
904 1191 1106 1231 instaurata

447 1248 620 1292 nascatur
639 1250 867 1300 (nofieretur
894 1250 966 1300 Z).
998 1251 1050 1289 D,

504 1307 643 1346 Iterum
668 1319 710 1344 vt
730 1303 893 1357 vapulet]
921 1305 1044 1356 Supra
1069 1315 1109 1343 e-

446 1365 531 1404 nim
567 1375 653 1401 cum
681 1362 863 1400 meretrix
895 1370 1108 1412 raperetur,

453 1421 546 1460 leno
567 1417 773 1470 vapulauit.
829 1419 874 1457 E.

505 1479 532 1518 6
579 1476 640 1519 Ne
689 1487 723 1512 te
768 1475 942 1528 ignarum
975 1470 1109 1526 fuiffe]

448 1530 609 1574 Prodest
636 1530 742 1568 enim
775 1525 1003 1568 absolutioni
1030 1541 1112 1568 reo·

451 1602 536 1629 rum
555 1586 828 1638 imprudentia,
851 1595 915 1624 ant
926 1583 1112 1633 casus‚aut

451 1643 660 1685 necessitas.
696 1644 760 1680 Ji.

504 1713 532 1752 7
565 1699 666 1736 Leno
688 1710 753 1751 ego
765 1694 871 1749 fizm]
905 1695 1019 1745 Leno,
1039 1705 1112 1734 ter-

450 1756 615 1805 sibiliter
657 1751 1001 1804 pmnunciandum
1038 1751 1110 1790 est:

455 1811 559 1863 quasi
590 1810 712 1856 dicat,
756 1811 814 1846 cui
835 1806 998 1860 ficpplex
1025 1810 1109 1847 eris.

454 1868 534 1909 Sed
564 1879 611 1905 ex
640 1877 870 1919 argumento
899 1864 974 1909 est,
1005 1863 1110 1915 quod

454 1923 671 1964 contemnit
689 1919 903 1960 Aeschinus
924 1921 1047 1959 minas
1061 1921 1111 1959 le-

455 1982 587 2021 nonis:
620 1989 750 2029 vtpote
772 1978 837 2028 qni
856 1977 930 2015 iam
953 1990 1112 2016 vxorem

455 2037 679 2077 decreuerat
699 2033 852 2072 ducere.
912 2033 1018 2086 Scio]
1040 2034 1112 2072 l-lie

457 2093 559 2145 (Hoc
585 2094 652 2141 fic)
684 2088 902 2140 respondit,
936 2088 1037 2139 quali
1070 2090 1112 2127 in

456 2151 605 2190 lenone
633 2146 860 2196 innninutiq
879 2146 1013 2196 capitis
1035 2155 1114 2184 tan-

455 2198 538 2246 tum
557 2203 774 2243 confisteret
799 2203 944 2251 (Forte,
970 2202 1042 2240 Hic
1060 2202 1115 2251 Jt'c

459 2261 661 2314 respondit,
691 2258 798 2312 quasi
809 2257 947 2296 lenonis
965 2259 1114 2296 commi-

458 2321 563 2359 nmio
597 2321 637 2356 in
676 2317 772 2354 nic'lu
808 2316 938 2368 capitis
972 2327 1116 2352 tantum

461 2374 670 2426 consisteret.
718 2375 758 2412 Z.
774 2373 803 2422 ).
878 2370 968 2409 Fide
1013 2369 1114 2423 quifi

461 2445 568 2484 quam
595 2428 760 2482 optuma]
792 2427 898 2466 Fides
920 2427 960 2464 in
992 2427 1114 2464 conci-

457 2485 611 2540 piendis
625 2482 1013 2523 comminationibus:
1029 2496 1118 2521 nam

462 2543 588 2593 (Nam
619 2541 722 2578 reue
750 2538 1001 2578 omittiturab
1020 2539 1116 2578 Edd.

463 2610 551 2638 vett.
587 2608 625 2635 vt
653 2595 887 2633 antecedens
917 2607 956 2633 et
985 2591 1117 2633 conse-

460 2668 587 2706 quens
604 2665 716 2689 vnum
729 2651 869 2689 efficiat
888 2648 1116 2690 sententiam

460 2711 519 2758 7,.)
564 2710 799 2747 denuncian-
848 2706 1117 2748 comminantis

462 2766 529 2805 est.
588 2767 637 2805 1).

1751 945 1813 982 ¹0

1214 1077 1325 1127 Leno,
1338 1076 1477 1129 inquit,
1496 1090 1563 1132 ego
1573 1074 1681 1130 fiam]
1710 1075 1816 1116 Cum

1154 1132 1316 1175 audiffet
1334 1132 1562 1182 Aeschinus,
1575 1132 1671 1172 illud
1685 1131 1817 1183 potius

1154 1191 1362 1240 intellexit,
1390 1190 1496 1242 quod
1515 1191 1607 1229 leno
1626 1187 1745 1228 facilis
1763 1184 1819 1227 es-

1154 1246 1230 1295 set,
1260 1247 1330 1300 qui
1363 1247 1488 1300 plagis
1515 1259 1559 1285 ac
1588 1242 1817 1284 verberibus

1156 1303 1416 1349 subiiceretur,
1436 1300 1636 1356 magisque
1660 1298 1708 1339 ad
1726 1312 1820 1339 con-

1160 1370 1321 1401 temtum
1355 1359 1430 1399 hoc
1464 1371 1612 1398 nomen
1645 1355 1816 1396 audiuit:

1159 1417 1253 1456 ideo
1270 1416 1411 1456 adiecit
1427 1415 1531 1463 leno,
1552 1411 1618 1453 secl
1637 1413 1720 1452 talis
1730 1425 1821 1464 quae

1159 1475 1206 1513 lis
1238 1473 1330 1527 fuit
1363 1470 1442 1526 fide
1483 1469 1677 1526 quisqtaam
1715 1480 1818 1523 optu-

1159 1545 1231 1570 ma.
1288 1532 1332 1569 E.
1660 1538 1664 1541 ’

1219 1592 1241 1633 8
1276 1585 1335 1624 Tu
1362 1584 1461 1637 quod
1485 1580 1722 1635 reposti-rius]
1751 1583 1819 1621 Tu

1161 1641 1350 1694 posterius
1373 1636 1528 1679 foi-taffe
1552 1638 1599 1677 fic
1619 1650 1658 1676 te
1680 1649 1820 1689 purga-

1161 1711 1204 1736 re
1223 1696 1406 1746 incipies,
1433 1694 1541 1746 quod
1569 1693 1664 1733 mihi
1693 1693 1820 1732 nolles

1159 1749 1290 1793 feciffe
1306 1752 1497 1790 iniuriam.
1552 1753 1596 1790 E.

1212 1808 1396 1861 Posterius
1410 1809 1564 1864 purges]
1595 1801 1739 1848 Charis.
1751 1803 1819 1849 lib.

1161 1877 1202 1908 2.
1257 1867 1299 1905 L.

1216 1921 1278 1962 Sic
1298 1919 1386 1959 libri
1406 1931 1543 1959 omnes
1572 1931 1610 1958 et
1627 1916 1821 1960 Charifius

1161 1991 1198 2030 p.
1225 1989 1314 2030 191.
1371 1975 1518 2015 Frustra
1535 1973 1734 2028 igiturest,
1753 1973 1821 2024 qui

1162 2033 1439 2085 interpolatum
1465 2032 1575 2081 velit,
1609 2031 1704 2071 Tum
1724 2028 1824 2084 quod

1164 2104 1210 2130 tc.
1268 2092 1309 2128 Β.

1218 2157 1246 2198 9
1274 2146 1397 2184 Huius
1418 2158 1494 2184 non
1510 2143 1674 2197 finiam]
1705 2143 1822 2196 Figu-

1165 2213 1248 2241 rate
1267 2214 1379 2254 ergo,
1406 2201 1523 2254 Qcod
1538 2214 1573 2240 te
1584 2211 1716 2254 purges
1736 2198 1823 2250 (Di-

1166 2258 1321 2311 stingue
1356 2256 1425 2305 lic,
1463 2255 1656 2312 Figurate.
1715 2252 1823 2309 Ergo

1164 2315 1282 2370 Qod
1301 2328 1335 2352 te
1350 2326 1496 2367 purges.
1517 2311 1562 2351 cf.
1583 2325 1675 2352 mox
1685 2310 1731 2349 ad
1742 2322 1824 2349 ver-

1166 2368 1245 2409 sum
1268 2372 1373 2422 36.),
1401 2370 1440 2407 id
1460 2368 1524 2415 est,
1548 2369 1823 2423 purgationem

1169 2437 1284 2464 tuam.
1343 2426 1466 2464 Huius
1493 2436 1631 2472 autem,
1661 2421 1825 2461 διικτικδν

1167 2482 1231 2521 est.
1286 2485 1364 2521 Aut
1391 2484 1496 2522 enim
1526 2481 1723 2532 stipulam,
1757 2488 1824 2518 aut

1166 2538 1327 2576 floccum
1346 2549 1532 2586 mouerat,
1554 2548 1618 2576 ant
1636 2534 1824 2574 summum

1166 2593 1345 2645 digitum.
1402 2596 1520 2633 Huius
1559 2606 1631 2632 non
1656 2589 1824 2643 faciam]

1166 2651 1306 2690 Cicero
1324 2652 1453 2700 (Verr.
1479 2663 1530 2698 11,
1552 2650 1646 2701 50),
1664 2648 1724 2686 Ne
1743 2659 1825 2683 tan.

1166 2708 1281 2748 sulum
1292 2706 1436 2760 quidem
1449 2718 1643 2747 commotus
1653 2719 1671 2742 c
1686 2703 1710 2741 t.
1737 2699 1822 2755 Ego

1708 2770 1824 2798 vocum
