1875 3292
418 168 480 213 26

837 161 994 209 ACT.
1029 161 1065 208 1.
1097 159 1219 206 SCE
1239 161 1302 207 N.
1329 161 1384 209 11.

546 296 661 342 Non
681 290 742 339 est
763 290 993 353 flagitium,
1019 289 1131 337 mihi
1153 288 1295 343 crede,
1319 287 1690 337 adolescentulum

554 370 759 420 Scortari,
782 384 927 431 neque
952 377 1128 432 potare:
1167 382 1260 413 non
1284 363 1366 412 est:
1407 380 1551 429 neque
1573 365 1691 413 fores

550 442 817 505 Effringere.
848 444 955 490 haec
975 440 1006 488 fi
1032 457 1177 506 neque
1198 459 1297 503 ego,
1317 456 1461 505 neque
1484 452 1534 490 tu
1554 435 1755 494 fecimus,'

548 525 662 569 Non
684 520 783 566 fluit
805 517 965 581 egestas
988 518 1129 566 facere
1153 536 1251 565 nos»
1289 526 1339 565 tu
1360 534 1479 564 nunc
1501 516 1584 566 tibi
1633 538 1636 541 ·

451 614 510 661 25
547 596 598 644 ld
619 595 737 643 laudi
761 595 897 648 ducis,
917 595 1039 659 quod
1064 606 1159 641 tum
1179 592 1312 642 fecisti
1333 595 1498 658 inopia.

545 667 834 720 Iniurium'st.
868 688 972 718 nam
994 668 1023 716 fi
1050 667 1153 717 ess‘et
1172 671 1287 719 vnde
1308 670 1353 717 id
1373 667 1512 722 fieret,

547 752 832 797 Facti-emus:
871 755 914 795 et
937 758 987 795 tu
1006 746 1133 795 illum
1154 758 1296 802 tuum,
1319 744 1350 794 fi
1371 742 1475 793 effes
1497 745 1654 802 homo,

472 978 523 1015 2'1
557 971 648 1013 Non
676 971 723 1025 est
740 969 954 1067 flagitiumi]
983 973 1078 1012 Non

415 1039 621 1084 peccatum
645 1041 769 1083 negat
797 1026 898 1068 esse:
945 1027 995 1067 ed
1012 1027 1079 1067 fla-

416 1088 558 1142 gitium
577 1098 660 1124 non
684 1084 762 1125 esse
783 1083 1004 1133 contendit,
1037 1093 1079 1123 et

414 1144 507 1183 ideo
528 1140 852 1196 subindignanter
869 1140 1081 1193 pronunci-

413 1200 561 1239 andum
583 1198 654 1238 est:
686 1210 724 1238 vt
739 1197 766 1238 fi
785 1198 897 1246 dicat,
917 1197 1082 1238 Scortari

417 1255 582 1309 quidem
600 1252 932 1296 adolescentulum
945 1283 954 1299 ,
982 1253 1080 1293 deli-

415 1314 520 1353 &um
549 1311 623 1360 est,
658 1310 725 1351 sed
754 1324 837 1351 non
865 1310 919 1351 est
940 1309 1081 1364 flagiti-

417 1383 497 1409 um.
526 1378 566 1407 et
600 1369 741 1409 veniae
760 1368 869 1406 locus
894 1380 978 1405 non
1000 1377 1079 1405 tam

416 1427 460 1465 in
482 1424 604 1474 fafito,
637 1437 755 1476 quam
782 1424 823 1463 in
843 1419 1007 1475 persona
1025 1421 1080 1461 est

415 1482 657 1522 constitutus.
710 1480 862 1532 Nonest
871 1477 1082 1535 flagitium,

415 1538 510 1578 mihi
527 1538 640 1587 crede,
654 1536 962 1588 adolefientulum
973 1535 1082 1587 fior·

416 1595 513 1644 tari]
544 1595 646 1636 Mire
665 1591 873 1645 respondit,
895 1603 935 1632 et
955 1603 1081 1631 orato-

418 1654 476 1692 rie
508 1650 555 1689 ad
575 1650 672 1690 haec
691 1662 792 1701 quae
815 1645 1006 1688 inuidiose
1026 1647 1083 1687 di·

420 1708 480 1746 &a
507 1705 605 1746 sunt.
662 1708 761 1746 Nam
788 1704 895 1757 quod
922 1705 977 1743 ait
999 1704 1078 1753 ille,

417 1759 575 1817 Eripuit
595 1762 778 1802 mulierem
792 1775 897 1815 quam
908 1759 1079 1806 amabat:

420 1820 483 1860 hic
495 1820 666 1871 fiortum
687 1818 792 1858 dicit.
827 1819 933 1869 qnod
961 1818 1079 1856 irruit

421 1882 460 1917 in
481 1877 589 1917 aedes
610 1875 770 1916 alienas:
805 1873 906 1926 quasi
924 1887 973 1914 ex
985 1874 1077 1913 vino

418 1934 564 1982 furens,
579 1945 732 1985 potare:
760 1931 866 1982 qnod
885 1944 974 1970 cum
993 1930 1079 1970 aliis

419 2004 540 2041 granc
561 1987 804 2042 propositum
825 1987 897 2036 est,
929 1987 1004 2026 hoc
1025 1984 1078 2026 so-

416 2049 496 2088 lum
518 2046 709 2093 dicendo,
740 2045 832 2083 leue
860 2043 1006 2090 reddit,
1038 2043 1078 2084 id

418 2103 481 2150 cst,
491 2104 602 2154 fores
616 2101 826 2157 ‹yffi-ingere.
888 2099 992 2140 Mihi
1005 2113 1078 2138 cre-

419 2162 477 2212 de]
512 2159 629 2211 Quasi
651 2159 832 2209 imperito
855 2157 957 2202 dicit,
978 2156 1079 2196 Mihi
1129 2157 1268 2208 perito.

1671 817 1795 871 Siness

1184 981 1234 1023 23
1266 969 1369 1009 Haec
1381 967 1426 1022 fi
1437 981 1554 1024 neque
1573 981 1648 1024 eg0‚
1675 981 1791 1021 neque

1128 1039 1194 1075 tu,
1214 1026 1397 1081 fecimus]
1431 1027 1539 1078 Quia
1559 1026 1679 1070 dixit,
1709 1023 1792 1078 Qti

1128 1082 1208 1134 nist
1228 1084 1332 1137 quod
1357 1082 1430 1136 iPst’
1449 1082 1572 1136 fecit,
1612 1081 1712 1122 nihil
1738 1094 1792 1122 re-

1128 1140 1223 1181 &um
1238 1151 1362 1193 putat.
1420 1140 1471 1179 D.

1186 1209 1250 1250 24·
1275 1197 1366 1236 Non
1386 1193 1483 1248 fi'uit
1513 1193 1662 1252 egestas]
1700 1197 1796 1234 Nou

1128 1255 1306 1293 voluntas
1324 1251 1537 1304 prohibuit,
1557 1250 1795 1291 sedneceffi-

1128 1320 1202 1350 tas:
1235 1321 1274 1348 et
1292 1308 1382 1347 ideo
1404 1309 1516 1348 nulla
1544 1309 1639 1347 laus.
1685 1309 1735 1347 D.

1184 1367 1279 1406 Non
1297 1362 1394 1417 finit
1420 1364 1571 1421 egestas]
1606 1362 1790 1405 Diomed.

1127 1422 1199 1464 lib.
1222 1435 1255 1465 1.
1310 1425 1352 1463 L.

1184 1475 1326 1520 Versus
1384 1477 1522 1528 probat
1578 1477 1793 1517 lefflonem

1130 1535 1313 1576 Bembini
1331 1535 1495 1583 vnicam,
1517 1534 1606 1576 Non
1611 1534 1652 1585 s
1651 1536 1699 1574 iit
1715 1547 1795 1590 ege·

1123 1591 1214 1644 stas.
1271 1595 1311 1631 Β.

1187 1659 1240 1702 25
1271 1646 1386 1701 Qod
1412 1659 1454 1686 tu
1465 1644 1592 1698 ficisti
1609 1646 1791 1702 inopia?]

1128 1706 1231 1743 Nota
1253 1702 1402 1753 Fecisti‚’
1418 1703 1459 1741 in
1483 1716 1531 1742 eo
1552 1703 1658 1754 quod
1677 1701 1793 1756 figni-

1127 1759 1217 1799 ficat
1233 1759 1468 1810 Nonficisti.
1525 1761 1574 1798 D.

1181 1820 1254 1857 Pro
1277 1818 1375 1856 ducis
1396 1828 1494 1855 vnus
1515 1829 1561 1855 ex
1572 1816 1706 1869 Regiis
1719 1814 1792 1856 be-

1128 1886 1181 1913 ne
1228 1872 1348 1912 habet
1394 1873 1510 1911 duces.
1578 1874 1793 1914 Caeterum

1127 1929 1256 1969 versus
1277 1944 1348 1982 per
1365 1930 1713 1982 interrogationem
1737 1928 1793 1969 est

1127 1985 1367 2026 efferendus.
1425 1989 1463 2026 B.

1184 2045 1237 2086 26
1267 2044 1446 2082 Iniurium
1467 2041 1531 2096 cst]
1564 2042 1671 2093 Quia
1691 2041 1791 2082 nihil

1130 2101 1339 2151 quicquam
1360 2099 1536 2137 iniustius
1549 2097 1708 2138 homine
1720 2100 1790 2139 im·

1328 2157 1429 2195 Nam
1448 2154 1492 2206 fi'
1512 2154 1590 2206 esset
1619 2157 1712 2196 vnde
1748 2156 1791 2196 id

419 2217 531 2263 crede,
564 2229 646 2255 non
669 2215 790 2262 enim,
819 2214 888 2253 Me
907 2212 1078 2267 intellige.
1121 2210 1249 2263 fieret]
1281 2215 1368 2251 Non
1397 2211 1451 2250 est
1471 2209 1682 2251 necessario
1697 2226 1791 2252 eon-

420 2272 538 2325 Quod
562 2273 729 2311 imitatus
760 2272 903 2311 Cicero
932 2269 1083 2319 fic(vl1i

419 2330 576 2381 corrigit
606 2329 709 2367 recie
740 2326 857 2366 Hadr.
885 2327 1016 2366 lunius
1039 2327 1080 2364 in

421 2385 602 2435 Append.
631 2384 843 2425 Animadu.
878 2386 999 2423 Locus
1020 2383 1081 2423 Ci-

422 2442 576 2480 ceronis
606 2440 658 2478 cst
679 2441 814 2480 Diuin.
846 2440 884 2477 in
910 2442 958 2489 Q.
984 2441 1080 2481 Cae-

422 2499 481 2536 cil.
534 2499 618 2547 12.)
664 2497 840 2536 Caeiium
886 2497 1079 2549 excogitan

421 2553 696 2607 fihgnzfitnt,
732 2553 823 2590 mihi
846 2553 968 2591 crede:
1000 2553 1080 2592 noli

423 2611 508 2650 haet-
531 2623 765 2647 contemnere.
824 2610 894 2647 Hic
916 2609 1020 2648 enim
1040 2620 1081 2648 et

421 2666 618 2705 authu-itas
641 2665 816 2706 dit-omis,
846 2674 885 2702 ot
904 2675 1080 2706 contems

424 2737 482 2764 tus
503 2720 939 2764 ostendituraudientis.
971 2724 1020 2763 D.
1075 2716 1079 2720 ’

1131 2267 1315 2321 sequens,
1349 2267 1411 2309 sed
1446 2267 1698 2318 probabiliter
1725 2269 1793 2309 ad-

1130 2327 1293 2365 mittitur
1335 2323 1440 2377 apud
1479 2335 1663 2366 oratores.
1704 2340 1790 2367 non

1130 2382 1239 2422 enim
1262 2395 1398 2420 omnes
1420 2381 1482 2432 qui
1506 2380 1653 2420 habent
1681 2383 1791 2423 vnde

1128 2438 1281 2484 faciant,
1304 2438 1613 2477 continuoetiam
1626 2437 1788 2481 faciunt.

1132 2495 1233 2535 Vnde
1261 2494 1302 2532 id
1315 2493 1441 2547 fier-ct]
1474 2496 1616 2546 fieret,
1646 2497 1791 2548 produ·

1129 2551 1186 2590 &a
1208 2551 1331 2602 prima
1352 2548 1494 2602 syllaba
1542 2554 1701 2602 Ennius,
1713 2554 1791 2592 Me-

1128 2608 1222 2649 mini
1244 2619 1298 2645 me
1310 2605 1398 2657 ficri
1417 2619 1560 2655 inuitum.
1621 2611 1666 2649 D.

1183 2675 1239 2715 27
1268 2663 1317 2702 Et
1337 2677 1376 2704 tu
1394 2661 1493 2706 idum
1515 2676 1633 2715 tuum,
1654 2664 1788 2716 sieffr-

1657 2721 1788 2777 homo]
