1875 3292
355 199 436 250 598
546 191 628 236 DE
657 187 1014 232 GENERIBVS
1041 187 1554 231 COMOEDIARVM.

353 300 577 348 Obseruatt.
597 307 635 352 Γ,
667 316 730 346 10.
759 300 943 351 haustam,
973 297 1052 346 sed,
1082 310 1122 340 vt
1140 299 1335 349 breuitati,
1354 314 1472 354 quam
1491 297 1600 354 spatii
1621 300 1745 342 reliffi

352 362 530 417 angustia
549 359 743 413 poscebat,
766 356 1039 405 consuleretur,
1061 357 1190 397 nostro
1201 357 1319 398 modo
1338 358 1746 406 tractatamadiieien-

355 420 448 459 dam
469 419 710 471 putauimus‚
741 426 949 469 propterea
978 413 1081 466 quod
1103 416 1283 454 Donatus
1307 412 1390 466 ipse
1409 425 1449 454 et
1466 413 1680 455 Euanthius
1700 415 1744 454 in

350 473 435 518 hoc
453 488 607 529 genere
625 473 819 514 nonnulla
838 484 1045 525 perperam
1064 469 1258 510 dixerunt.
1312 469 1471 519 Fabula,
1502 470 1565 510 vbi
1586 471 1639 510 de
1658 468 1743 517 Δρά-

354 548 440 581 ματι
460 532 648 580 occurrit,
690 530 744 570 est
766 541 915 569 nomen
937 527 1118 581 generis,
1143 537 1184 567 et
1204 528 1472 579 complectitur
1496 529 1745 582 Tragoediam

354 602 472 643 atque
495 587 724 630 Comoediam
742 588 824 638 (Sic
845 584 966 624 debet
985 584 1187 624 emendari
1212 585 1255 623 in
1272 583 1474 633 Editione,
1499 598 1599 636 quae
1614 596 1744 636 nuper

331 641 334 644 ⁴
354 652 406 688 A.
430 656 548 698 1772.
568 645 610 684 in
630 642 702 684 hac
721 642 816 682 vrbe
839 641 893 681 est
915 640 1103 694 repetita,
1134 638 1202 680 sed
1227 638 1488 680 miserandum
1516 642 1559 680 in
1579 640 1743 680 modum

355 715 430 756 per
458 700 648 740 incuriam
683 710 722 739 et
750 696 940 739 inscitiam
969 696 1175 737 hominum
1207 696 1307 736 vitiis
1335 694 1613 749 conspurcata).
1667 697 1746 738 Pri·

354 771 464 800 mum
482 757 644 797 omnino
665 755 907 798 Comoediae
926 753 1155 793 diuiduntur
1172 754 1216 793 in
1236 752 1434 802 Favimus,
1455 752 1490 793 h.
1506 767 1543 796 e.
1560 757 1744 803 Graecas,

356 826 400 855 et
423 815 604 870 Togatas,
624 812 664 854 h.
685 825 718 851 e.
739 812 867 852 Latini
888 812 1126 865 argumenti.
1184 811 1303 850 Pallio
1325 812 1434 850 enirn
1461 821 1499 850 et
1515 813 1631 865 Toga
1650 821 1745 850 vtra-

355 883 437 923 que
481 883 581 924 gens
618 868 952 923 distinguebatur-3
982 878 1101 907 notus
1139 866 1195 906 est
1222 865 1408 908 Palliatus
1433 866 1604 908 Socrates
1641 865 1744 917 apud

353 928 446 971 Val.
473 929 579 967 Max.
603 935 648 976 ,et
673 926 824 980 Togata
849 937 941 980 gens
968 923 1131 976 Augusti
1163 923 1264 976 apud
1284 925 1530 964 Suetonium.
1584 922 1746 963 Deinde

352 984 521 1028 Romani
543 978 632 1022 cum
651 993 769 1022 antea
789 979 940 1031 semper
962 992 986 1019 e
1004 981 1159 1020 Graecis
1179 979 1243 1020 sua
1262 977 1458 1026 fecifl'ent,
1489 979 1646 1019 tandem
1675 977 1743 1031 ipsi

352 1041 577 1095 argumenti
597 1039 742 1091 proprii
765 1035 978 1077 sumserunt
995 1034 1165 1086 fabulas,
1195 1050 1288 1089 quas
1309 1039 1372 1078 vel
1394 1036 1441 1077 ab
1459 1035 1590 1077 habitu
1604 1066 1614 1085 ‚
1643 1036 1704 1076 vel
1723 1049 1746 1075 a

355 1099 459 1146 loeo,
480 1097 541 1136 vel
561 1095 607 1136 ab
630 1096 788 1135 auftore
808 1094 1169 1147 cognominatum
1205 1093 1338 1143 veluti,
1367 1098 1635 1141 praetextatas,
1661 1096 1746 1134 To·

358 1166 476 1209 gatas,
493 1152 767 1197 Tabernarias,
789 1151 1023 1200 Attellanas,
1047 1149 1531 1202 PlanipedeS,Trabeams,
1559 1147 1738 1201 aliasque,

354 1224 448 1262 quas
469 1209 658 1262 deinceps
678 1205 972 1261 persequemur.
1035 1208 1324 1254 Praetextatus,
1357 1204 1422 1247 seu
1444 1208 1687 1254 Praetextas,
1714 1204 1744 1245 fi

354 1268 466 1306 locus
487 1268 636 1310 Donati
653 1266 700 1304 ad
722 1263 836 1305 Adel.
859 1264 961 1306 Prol.
980 1275 1020 1316 7.
1045 1263 1100 1303 est
1118 1261 1249 1312 sanus,
1278 1263 1496 1306 Diomedes
1526 1263 1631 1302 refte
1650 1275 1744 1301 con·

354 1324 497 1374 tendit,
520 1320 598 1363 esse
618 1321 755 1362 ssmiles
773 1322 1015 1362 Graecorum
1036 1321 1273 1373 Tragoediis
1289 1351 1298 1368 ‚
1327 1318 1391 1360 sed
1416 1331 1563 1359 tantum
1585 1317 1744 1358 differre

353 1381 396 1420 in
415 1393 479 1428 eo,
513 1379 623 1432 quod
658 1377 709 1417 ibi
740 1379 866 1431 Reges
897 1377 1081 1423 Romani,
1111 1388 1178 1416 aut
1200 1377 1438 1431 magistratus
1459 1377 1641 1424 maiores,
1676 1374 1743 1427 qui

350 1439 558 1477 Praetexta
586 1447 678 1489 toga
697 1444 867 1480 vtantur,
893 1432 1127 1473 inducantur
1155 1446 1370 1486 eorumque
1388 1447 1449 1475 res
1475 1433 1604 1487 gestae
1626 1445 1744 1486 agan·

355 1505 427 1532 tur.
484 1494 602 1534 ‘sales
632 1493 672 1531 in
701 1491 870 1543 pueritia
895 1486 1088 1540 scripserat
1108 1490 1273 1540 Perfius,
1301 1492 1352 1530 vti
1373 1491 1519 1532 Aucffor
1538 1490 1620 1528 eius
1641 1490 1743 1527 vitae
1773 1496 1778 1500 ’

353 1548 480 1590 tradit.
538 1550 642 1589 Hinc
663 1560 781 1600 patet,
804 1559 872 1586 eos
893 1560 1034 1595 errare,
1057 1547 1123 1598 q'ui
1145 1551 1406 1588 Praetextatas
1433 1546 1481 1586 ad
1503 1546 1744 1587 Comoedias
1774 1561 1779 1565 Χ

353 1605 555 1651 referunt,
586 1618 672 1643 cum
696 1605 825 1655 potius
849 1603 1016 1642 Fabulae
1044 1602 1116 1642 {int
1141 1604 1413 1656 appellandae.
1480 1603 1649 1657 Togatae
1670 1600 1742 1638 du·

353 1662 448 1714 plici
470 1660 652 1701 dicuntur
670 1656 790 1706 sensu,
811 1659 874 1697 vel
895 1659 1032 1708 latiori,
1051 1659 1125 1703 vbi,
1154 1672 1192 1698 vt
1213 1660 1388 1707 diximus,
1424 1655 1602 1696 vniuerse
1619 1655 1743 1696 fabu-

353 1719 408 1757 las
431 1719 622 1756 Romanas
651 1713 885 1767 significarim
918 1714 978 1754 vel
1008 1714 1243 1766 angustiori,
1276 1715 1339 1753 rbi
1359 1724 1612 1766 opponuntur
1629 1717 1740 1754 Prae-

353 1773 509 1815 textatis
541 1782 581 1812 et
599 1771 819 1817 'Tr-abeatis,
851 1766 1145 1822 respiciuntque
1166 1771 1368 1822 populum,
1423 1771 1485 1810 Sic
1510 1781 1615 1808 certe
1636 1767 1740 1819 apud

351 1833 488 1871 Horat.
508 1829 549 1868 in
570 1831 664 1868 Arte
681 1833 774 1876 288.
803 1825 1405 1879 Praetextataedistinguunttn·a
1422 1827 1602 1878 Togatis.
1647 1826 1742 1864 'sra-

352 1886 480 1927 heatae
499 1896 672 1938 quoque,
695 1896 858 1935 quarum
877 1883 1129 1922 inuentorem
1142 1885 1278 1925 Caium
1298 1878 1496 1924 Melissum
1515 1879 1593 1920 efl'e
1612 1891 1740 1922 narrat

352 1942 565 1985 Suetonius
586 1953 669 1992 cap.
689 1951 753 1980 21.
781 1938 831 1979 de
850 1937 983 1978 Illustr.
1004 1940 1230 1979 Grammatr.
1259 1937 1432 1979 habuiffe
1460 1937 1638 1978 ridentur
1654 1951 1741 1990 per·

350 1998 461 2040 sonas
483 1996 658 2043 illustres,
677 1996 795 2034 veluti
817 1993 1116 2048 triumphantes,
1136 1992 1320 2046 aliosque,
1351 1994 1487 2047 quibus
1509 1996 1568 2033 ius
1585 1993 1742 2034 trabeae

353 2053 458 2103 esset,
478 2064 517 2093 et
540 2052 644 2094 forte
674 2050 774 2105 ipsos
796 2054 934 2107 Reges.
990 2052 1197 2092 Caeterum
1227 2053 1277 2092 de
1299 2052 1375 2091 boc
1396 2051 1532 2090 vestitu
1555 2050 1630 2091 vid.
1654 2053 1740 2092 Ma-

350 2123 436 2151 nnt.
456 2111 506 2150 de
527 2105 668 2161 Quaes.
688 2121 758 2161 per
778 2109 890 2159 Epist.
919 2107 1192 2158 Tab22rnar1‘as,
1222 2122 1314 2160 quas
1333 2111 1510 2149 Donatus
1528 2106 1679 2147 duobus
1695 2107 1738 2146 in

351 2170 448 2208 locis
472 2182 493 2206 a
513 2166 675 2219 'rogatis
698 2164 910 2217 distinguit,
932 2164 1062 2204 Festus
1080 2177 1284 2217 perperam
1299 2166 1348 2204 ait
1372 2161 1502 2213 fuiffe‚
1537 2164 1576 2203 in
1597 2161 1738 2216 quibus

349 2223 578 2264 hominibus
607 2221 891 2263 excellentibus
920 2222 1035 2260 etiarn
1057 2222 1222 2262 humiles
1243 2220 1367 2262 ess'ent
1386 2221 1580 2273 permixti.
1639 2222 1738 2265 Nam

350 2283 402 2322 ita
430 2277 514 2320 sunt
533 2280 676 2326 dietae,
708 2277 812 2329 quod
845 2291 930 2316 cum
964 2277 1135 2316 tabernis
1156 2279 1308 2319 Scenae
1335 2275 1662 2329 disponebantur,
1697 2284 1739 2316 et

351 2335 607 2375 continebant
636 2334 795 2386 opifices
823 2331 1046 2383 sellularios,
1082 2332 1254 2385 aliosque
1274 2334 1339 2385 qui
1367 2334 1410 2375 in
1429 2332 1598 2374 tabernis
1619 2331 1739 2385 dege·

352 2393 448 2435 bant
478 2388 698 2442 tunicisque
728 2390 853 2429 induti
884 2400 1014 2443 partes
1045 2387 1126 2430 suas
1148 2390 1331 2443 agebant.
1389 2392 1568 2431 Donatus
1591 2397 1733 2436 narrat,

353 2449 556 2487 nonnullis
577 2447 842 2488 Tabernarias
873 2457 1023 2486 vocatas
1055 2444 1134 2486 est'e
1152 2447 1339 2486 Palliatas.
1394 2445 1473 2487 Sed
1497 2445 1591 2485 haut
1618 2442 1736 2483 dubie

354 2505 408 2542 itti
439 2504 618 2541 homines
645 2513 834 2542 errarunt.
891 2503 1048 2542 Etenim
1077 2504 1244 2554 primum
1272 2516 1351 2542 non
1387 2514 1525 2541 omnes
1555 2500 1737 2541 palliatae

350 2572 426 2600 tarn
442 2560 534 2597 viles
553 2557 722 2603 suerunt,
743 2558 1274 2599 vr'tabernariarumnomen
1289 2569 1543 2600 mererentur.
1575 2553 1736 2596 Deinde

351 2615 606 2656 'tabernarias
637 2627 675 2653 ct
703 2617 941 2654 Graecorum
963 2626 1002 2653 ct
1023 2619 1281 2655 Rornanorum
1307 2612 1436 2658 fuisso.
1465 2611 1620 2652 aliunde
1646 2623 1736 2649 con-

352 2670 432 2710 stat.
492 2673 701 2709 Caeterum
723 2668 878 2709 soi-taffe-
900 2675 1092 2718 Donatus,
1115 2670 1181 2708 nili
1204 2672 1311 2709 locus
1334 2670 1387 2710 est
1406 2670 1648 2719 (lemannum,
1675 2679 1738 2705 ro-

352 2729 423 2769 luit
452 2723 637 2775 scribere,
669 2726 848 2767 l'alliatas
876 2740 898 2766 a
929 2725 1114 2768 nonnullis
1142 2730 1269 2781 potius
1295 2724 1472 2782 appellari
1507 2724 1737 2778 Crepiclatas.

1636 2782 1736 2820 Nan
