1875 3292
394 205 492 254 ⁴42

788 182 1009 236 AeT.1.
1040 181 1232 232 SCEN.
1257 184 1332 231 111.

526 315 662 375 Quod
684 317 730 364 ni
755 310 922 363 fuissem
942 314 1208 375 incogitans,
1238 314 1296 361 ita
1319 327 1420 359 eum
1441 306 1741 377 exspestarem,

621 404 668 442 vt
691 410 768 458 par
787 392 884 439 fuit.

523 467 621 519 PH.
660 468 781 523 Quid
810 464 913 512 istuc
942 460 1037 511 est?
1074 460 1181 511 AN.
1220 463 1410 524 rogitas?
1447 463 1522 527 qui
1550 471 1637 509 tam
1667 478 1741 508 auo

624 544 736 591 dacis
755 542 956 590 facinoris
977 539 1085 586 mihi
1106 538 1296 587 conscius
1320 536 1404 584 fis'?

470 639 496 686 ς
534 619 668 677 Quod
689 619 851 667 vtinam
872 632 928 664 ne
949 615 1205 665 Phormioni
1226 613 1272 661 id
1293 612 1464 662 suadere
1482 614 1529 660 in
1550 622 1744 660 mentem

623 690 834 742 incidisset
844 710 856 752 ;

393 895 592 951 gitationis
655 888 1046 944 considerationisque
1100 931 1101 936 ,

393 948 568 1007 posuisse.
630 950 696 992 Vbi
730 954 768 989 in
796 962 948 989 mentem
967 952 1045 989 eius

391 1009 547 1049 aduemi
573 1007 694 1061 venit]
725 1007 787 1048 Sic
812 1017 961 1045 veteres
981 1017 1046 1059 ge·

391 1066 519 1106 nitiuo
553 1060 634 1102 casu
670 1062 926 1113 proferebant.
1001 1062 1048 1100 In

391 1133 546 1160 mentem
573 1122 648 1160 eius
667 1120 817 1159 aduena·
835 1117 955 1171 venit]
985 1118 1049 1159 Ci-

393 1189 484 1216 cero
506 1177 636 1227 (Vei-r.
655 1189 683 1224 1,
708 1178 787 1228 17.)
818 1173 1046 1226 Factibipa-

391 1245 518 1275 ternae
553 1231 644 1288 legis
671 1232 812 1270 Aciliae
846 1232 970 1270 veniat
1009 1232 1048 1269 in

391 1302 560 1328 mentem.
618 1287 784 1326 Aduena·
802 1286 920 1341 venit]
947 1286 1048 1326 Mul-

395 1345 575 1396 tiplieiter
597 1343 823 1387 declinatur,
845 1351 886 1382 et
901 1343 1050 1381 Aduen-

391 1404 426 1441 ti
442 1410 481 1439 et
504 1400 697 1438 Aduentus.
720 1399 767 1438 fic
787 1399 876 1438 etin
889 1397 1047 1446 Andria,

1637 767 1744 810 Neu

1148 891 1251 932 Cum
1298 889 1533 930 offonarium
1582 888 1744 940 plenum

1096 942 1248 999 semper
1284 946 1451 998 excipiat
1488 943 1744 991 T1·ochaicus;

1096 1003 1226 1057 profer
1248 1002 1398 1055 Futffim
1407 1013 1444 1041 vt
1453 999 1665 1054 disyllabon
1674 1000 1689 1048 '3
1706 1010 1746 1039 vt

1095 1073 1187 1100 mox
1204 1055 1292 1098 vers.
1311 1071 1351 1112 7.
1379 1057 1526 1111 Fuiffi·t.
1578 1059 1622 1098 B.
1704 1071 1724 1077 “·

1149 1129 1177 1168 4
1204 1115 1311 1170 Quid
1327 1114 1416 1165 istuc
1433 1113 1533 1167 est?]
1562 1115 1669 1153 Haec
1687 1112 1747 1151 in⁴

1097 1172 1308 1225 tei-rogatio
1338 1165 1571 1210 stomachosa
1600 1168 1654 1208 est
1681 1180 1746 1207 ex-

1096 1238 1258 1269 tenuare
1275 1227 1436 1267 volentis
1447 1236 1590 1266 metum
1602 1224 1746 1265 fratris:
1795 1252 1798 1255 -

1097 1281 1244 1322 diuersa
1271 1284 1376 1322 enim
1405 1280 1519 1322 sentit
1549 1281 1598 1320 ob
1618 1281 1746 1320 diuer-

1095 1337 1176 1379 sum
1215 1340 1350 1378 amoris
1392 1349 1590 1378 euentum.
1661 1338 1745 1392 ¹Q-(aei

1096 1408 1173 1435 tam
1191 1395 1335 1434 audacis
1348 1395 1534 1447 facinoris
1553 1392 1643 1432 mihi
1666 1407 1746 1431 ton·

390 1455 506 1496 Nihil
519 1458 656 1504 ornati,
674 1455 770 1494 nihil
785 1454 945 1494 tumulti.
983 1454 1050 1492 Ve-
1084 1450 1270 1503 fiiusfi's]
1298 1451 1457 1502 Proprie
1482 1449 1530 1490 ad
1550 1460 1746 1496 terrorem,

392 1513 467 1567 nit]
497 1512 655 1564 Legitur
674 1521 713 1550 et
731 1512 900 1550 Aduenis.
944 1512 992 1550 D.

449 1568 538 1607 Eius
556 1567 725 1621 aduenti]
757 1570 858 1607 Vett.
879 1565 991 1605 codd.
1008 1574 1049 1604 et

390 1621 463 1665 Ms.
489 1625 528 1662 R.
551 1626 738 1663 aduentus.
768 1618 1046 1663 Vid.P1·iscian.

391 1679 539 1718 lib.v1.
595 1682 635 1717 L.

444 1735 571 1773 Placet
601 1732 695 1771 ordo
725 1732 947 1777 verborum,
978 1731 1045 1781 qui

392 1789 446 1829 est
474 1789 575 1840 apud
604 1785 832 1827 Priscianum
863 1787 937 1832 bis,
973 1786 1046 1825 Vbi

392 1850 466 1884 eius
497 1845 649 1883 aduenti
682 1846 784 1882 venit
812 1846 851 1882 in
880 1856 1045 1881 mentem.

390 1904 489 1942 Nam
518 1902 568 1939 ita
593 1901 732 1951 plenus
760 1899 922 1938 efficitur
947 1898 1047 1937 0610-

391 1957 533 1997 narius.
589 1958 627 1994 B.

448 2025 470 2064 3
514 2009 744 2066 Incogitans]
784 2011 1045 2051 Temerarius.

391 2068 551 2116 Probu8‚
583 2069 803 2122 Incogitans,
838 2068 975 2118 inquit,
1009 2070 1047 2105 in

389 2124 455 2175 vfit
492 2123 560 2175 est:
598 2139 638 2163 at
675 2137 749 2162 non
784 2123 904 2162 eodem
937 2124 1044 2161 modo

393 2183 585 2234 cogitans.
662 2180 724 2218 Ita
757 2192 836 2217 eum
872 2179 1045 2230 exspec‘ta-

396 2250 481 2282 rem,
514 2250 555 2275 vt
570 2247 641 2287 par
653 2235 759 2289 suit]
790 2235 1045 2286 Exspec'larem

393 2304 497 2330 nuuc
531 2293 748 2343 opperirer:
793 2291 884 2330 alias
922 2289 1044 2343 spera-

393 2362 487 2387 rem.
544 2350 590 2386 D.

445 2401 535 2453 Nrfi'
544 2402 686 2454 sitissem
697 2403 913 2456 incogitans]
927 2400 1044 2453 Quod

395 2458 460 2495 nili
481 2460 684 2497 minimum
706 2461 935 2510 cogitarem,
963 2471 1046 2509 pro-

395 2525 477 2564 pter
513 2514 547 2551 id
569 2515 670 2564 quod
699 2527 855 2555 onrem
877 2513 968 2552 duxi
995 2527 1043 2552 co

394 2567 569 2613 absente,
595 2570 640 2608 iic
669 2571 749 2609 eius
774 2571 986 2608 aduentum
1007 2579 1046 2609 et

396 2638 483 2662 vum
507 2623 784 2678 exspectarem,
804 2627 910 2667 flenti
933 2626 1044 2666 decu-

398 2683 434 2719 it.
491 2683 535 2721 E.

1084 1565 1205 1616 fiium
1225 1563 1332 1602 dixit.

1098 1509 1164 1560 qui
1183 1507 1233 1547 de
1250 1506 1421 1547 facinore
1439 1506 1626 1558 loquitur,
1654 1505 1746 1545 con-

1393 1562 1575 1617 Rogitas?
1594 1563 1656 1614 qui
1670 1574 1746 1600 tam

1095 1621 1243 1660 audacis
1251 1619 1456 1670 fizcinoris]
1487 1618 1744 1657 Benetinsens

1096 1675 1288 1715 inducitur
1307 1672 1489 1724 Antipho,
1518 1683 1556 1711 vt
1574 1671 1617 1710 fit
1637 1669 1745 1711 causa

1094 1730 1284 1782 fugiendi.
1343 1728 1405 1767 Ad
1427 1727 1500 1765 hoc
1519 1728 1624 1766 enim
1645 1726 1745 1780 fugi-

1096 1797 1144 1834 et,
1159 1785 1263 1824 nead
1279 1784 1528 1823 amittendam
1540 1784 1745 1836 coniugem

1097 1852 1257 1893 cogatur
1276 1854 1296 1878 a
1319 1850 1438 1891 patre,
1467 1850 1560 1879 ante
1576 1852 1745 1880 errorem

1096 1885 1263 1937 Fabulae
1284 1894 1527 1946 patefaffium.
1584 1897 1632 1934 l).

1149 1953 1329 2007 Rogitas?
1358 1955 1421 2004 qui
1448 1951 1541 2004 tam]
1581 1953 1747 1990 Interro-

1096 2022 1163 2063 gas
1185 2021 1258 2056 me,
1277 2020 1342 2045 cur
1361 2006 1457 2045 istud
1478 2006 1626 2050 dicam?
1645 2010 1746 2047 on-

1095 2079 1175 2106 rem
1208 2064 1327 2110 duxi3
1374 2072 1414 2101 et
1455 2064 1535 2102 eius
1568 2061 1747 2103 facinoris

1093 2122 1187 2160 mihi
1215 2131 1255 2159 et
1274 2119 1400 2159 aufior
1419 2117 1517 2157 fuisti
1545 2130 1584 2157 et
1610 2116 1746 2160 consei-

1094 2190 1149 2216 us.
1209 2180 1254 2217 E.

1149 2235 1210 2272 Ne
1256 2230 1470 2270 oRonarius
1509 2231 1645 2281 plenus
1683 2228 1744 2268 fiat

1095 2289 1304 2335 lumbicus,
1338 2285 1432 2324 illud
1452 2286 1512 2337 Est
1532 2285 1745 2325 delendum

1094 2343 1242 2386 censeo.
1305 2345 1343 2382 B.

1149 2414 1172 2454 5
1204 2399 1315 2456 Qod
1330 2399 1469 2436 vtinam
1491 2411 1533 2435 ne
1554 2396 1747 2437 Phormio·

1093 2458 1151 2511 ni]
1182 2454 1395 2496 Gratiffime
1422 2467 1498 2491 non
1525 2452 1746 2491 Phormioni

1095 2510 1301 2555 succenset,
1332 2507 1391 2546 sed
1427 2508 1660 2546 Phormionss
1690 2509 1746 2544 in-

1097 2580 1229 2607 uento.
1290 2569 1333 2603 Er
1355 2564 1461 2611 vide,
1494 2576 1528 2602 vt
1550 2576 1587 2602 er
1607 2560 1682 2613 ipse
1707 2560 1745 2599 se

1096 2625 1234 2674 culpae
1275 2619 1474 2659 subtrahat.
1532 2619 1642 2670 Qod
1675 2618 1745 2655 vti-

1095 2681 1196 2734 nam]
1220 2681 1273 2722 Et
1290 2675 1475 2716 familiare
1496 2676 1546 2715 est
1565 2675 1670 2713 initia
1687 2686 1748 2710 re·

1662 2742 1754 2767 rum-
