1875 3244
9 1726 16 1910 ζ

661 189 952 236 ADELPH.

1374 203 1465 250 ¹79

233 321 365 380 Signa
388 316 544 369 insunt,
566 333 614 362 cx
638 318 798 380 quibus
821 306 1073 364 coniefi‘turd
1090 315 1211 363 facile
1231 315 1292 370 fit,

231 398 338 442 Duo
358 409 496 456 quum
517 393 632 439 idem
653 394 825 444 faciunt,
847 392 968 456 saepe
990 402 1035 437 vt
1047 382 1182 456 {offis
1209 391 1365 446 dicere,

230 472 333 516 Hoc
356 469 456 515 licet
481 471 664 533 impune
684 468 822 514 facere
842 468 957 518 huic,
983 465 1043 511 illi
1067 485 1156 513 non
1181 467 1304 514 licet:

233 548 343 592 Non
358 544 477 607 quod
489 541 692 590 diffimilis
715 558 783 589 res
804 540 864 594 fit,
885 542 953 587 sed
974 542 1092 604 quod
1115 544 1150 588 is
1175 544 1250 605 qui
1270 543 1385 591 facit.

129 633 199 681 40
235 623 360 674 Quae
384 636 467 680 ego
490 619 573 665 illis
593 615 724 666 iness'e
743 617 884 670 video,
909 628 955 664 vt
977 614 1192 663 confidam
1215 618 1324 672 fore,

229 698 294 742 Ita
318 706 362 741 vt
383 695 608 741 volumus:
647 693 774 741 video
802 692 960 756 sapere,
981 692 1238 752 intelligere,
1260 695 1306 740 in
1326 694 1425 743 loco

229 771 401 819 Vereri,
422 772 537 818 inter
558 769 598 816 se
623 783 790 816 amare:
825 769 929 815 scire
953 766 1014 814 est
1035 767 1225 815 liberum

151 992 206 1044 36
237 988 354 1030 Metti
382 987 557 1028 venustas
575 987 748 1041 postulat,

1333 848 1462 908 Inge-

798 988 905 1042 lisfit
921 1002 1001 1036 res,
1020 988 1123 1040 fid
1108 1002 1142 1027 u·
1160 990 1223 1041 qui
1246 988 1371 1039 finit:
1399 1004 1458 1030 tta

95 1057 135 1085 vt
155 1049 325 1099 legatur,
352 1043 470 1099 Signa
487 1043 634 1096 instant,
669 1048 749 1098 qui·
797 1044 846 1084 ab
866 1059 940 1084 vna
965 1046 1095 1084 eadem
1089 1054 1193 1099 [ιιι
1168 1044 1321 1097 persona
1334 1046 1457 1084 diuer-

95 1101 163 1141 bus
182 1117 227 1141 ex
257 1112 329 1141 etc.
380 1103 423 1141 Β.

152 1171 203 1210 37
232 1156 319 1196 Duo
339 1169 448 1210 quum
464 1156 559 1196 idem
572 1155 748 1211 fieciunt]

95 1211 268 1252 Obscure
285 1214 432 1252 locutus
451 1212 516 1262 est,
546 1226 664 1263 quum
687 1213 750 1251 hie

93 1269 137 1308 fit
170 1266 318 1308 sensus:
348 1271 438 1310 Duo
463 1268 570 1308 idem
591 1267 749 1314 faciunt,

93 1337 258 1377 quorum
278 1325 344 1364 vni
365 1325 454 1364 licet
472 1324 612 1367 facere,
639 1325 750 1364 alteri

94 1395 178 1420 non
202 1382 300 1420 licet.
343 1380 432 1420 Duo
451 1393 561 1433 quum
580 1382 674 1419 idem
685 1382 750 1432 ja-

93 1437 216 1490 cium]
256 1439 353 1476 Nam
378 1436 492 1475 ambo
521 1447 560 1475 et
586 1433 750 1488 sapiunt,

92 1504 133 1532 et
154 1493 407 1546 intelligunt,
437 1502 476 1531 et
499 1493 587 1530 loco
615 1504 749 1531 v·-e1en

92 1561 166 1588 tur
201 1562 284 1588 non
310 1548 463 1600 ingenii
494 1549 649 1592 vitium,
683 1546 748 1586 sed

90 1605 224 1644 aetatis
240 1603 306 1643 est
362 1604 487 1655 Saepe,
507 1616 551 1642 vt
562 1601 674 1655 poffis·
693 1603 749 1642 di·

93 1660 189 1714 cere]
215 1659 360 1702 Melius
382 1658 435 1699 est
455 1657 565 1711 Saepe
576 1662 623 1697 ad
642 1655 749 1710 supe

91 1718 192 1756 riora
213 1716 474 1767 coniungeme
493 1728 584 1754 nam
596 1711 749 1765 possunt

90 1772 169 1812 duo
189 1772 294 1811 idem
313 1769 443 1810 facere
472 1781 511 1810 et
539 1768 636 1817 casu,
664 1783 748 1810 non

92 1839 133 1868 vt
152 1826 437 1867 fimilitudinem
464 1828 558 1878 (non
577 1839 619 1866 vt
640 1824 750 1874 simili

85 1882 208 1937 studio
233 1884 345 1932 idem)
371 1880 500 1921 facete
533 1881 746 1922 »ideantmu

94 1950 189 1978 tunc
216 1951 313 1991 ergo
341 1938 414 1976 exit
441 1937 610 1991 lignum,
640 1940 749 1992 Saepe

92 1994 188 2035 idem
215 1994 382 2046 finiunt.
443 1991 579 2033 Dicere
620 2006 749 2034 aurem

92 2048 230 2103 posuit,
255 2062 324 2101 pro
345 2048 565 2103 intelligere
583 2060 622 2088 et
644 2048 747 2090 scire.

92 2107 141 2146 ab
159 2119 206 2144 eo
227 2104 330 2156 quod
349 2105 558 2157 praecedit,
582 2105 622 2145 id
641 2106 747 2158 quod

93 2159 157 2214 seq
163 2162 277 2200 uitur.
311 2171 370 2206 vt,
400 2160 640 2202 Foeneratum
660 2161 748 2214 istuc

92 2216 300 2269 heneficium
311 2215 465 2269 pulchre
484 2216 555 2257 tibi
571 2218 676 2257 dices.
699 2229 748 2263 et,

91 2275 299 2317 Memorem
330 2285 385 2312 me
409 2272 506 2313 dices
531 2272 593 2326 effi:
611 2287 645 2312 ct
661 2288 748 2329 gra-

92 2343 185 2373 tum.
244 2334 295 2370 D.

150 2392 199 2437 38
230 2385 314 2424 Hoc
330 2383 588 2439 licetimpune]
614 2389 747 2438 Augu-

91 2441 177 2482 ssin.
207 2439 320 2492 Epist.
350 2452 386 2492 5.
435 2441 554 2496 ‚Quod
588 2444 680 2480 enim
709 2445 747 2479 in

91 2497 178 2538 diue
183 2498 310 2548 rfi'tate
323 2492 562 2546 perfimarum
578 2510 650 2535 vno
663 2511 745 2535 tem·

87 2564 180 2608 pore
196 2553 358 2592 accidere
370 2550 506 2602 potest,
541 2564 583 2590 vt
601 2551 685 2591 huic
705 2553 746 2591 te·-

91 2622 174 2649 παι
191 2608 360 2661 aliquid
345 2620 416 2660 tm]
407 2620 488 2645 une
495 2607 636 2658 fizcere
647 2610 752 2659 quod

52 2698 58 2702 .
94 2665 147 2706 ilis·
165 2678 237 2709 mm
254 2665 371 2715 liceat,
397 2677 471 2708 mm
492 2664 590 2718 quod
601 2661 746 2718 diffimi-

785 1099 841 1152 fi's
860 1100 1084 1151 temporibus
1112 1114 1198 1141 tunc
1225 1113 1369 1153 oportet
1374 1100 1460 1140 ali-

798 1159 888 1211 quid
900 1156 999 1208 fieri,
1023 1170 1192 1198 mnenon
1212 1170 1366 1210 oportet,
1384 1173 1458 1198 non

800 1213 974 1266 quodstti
993 1212 1232 1266 dt'ffimilisstt
1253 1215 1320 1267 qui
1337 1213 1458 1264 facit,

787 1270 864 1321 sed
878 1270 1020 1323 quando
1030 1273 1145 1323 facit.
1203 1273 1245 1310 L.

857 1339 908 1378 39
942 1326 1033 1364 Non
1061 1327 1160 1379 quod
1188 1322 1368 1379 dilfimilis
1398 1341 1455 1367 res

791 1381 860 1435 fit]
892 1386 954 1422 An
974 1382 1063 1432 quia
1084 1383 1169 1422 huic
1190 1379 1314 1426 licet?
1349 1385 1397 1423 D

852 1438 966 1479 Reite
984 1437 1117 1478 bemb.
1137 1450 1207 1489 pro
1226 1437 1342 1493 Ouod
1359 1450 1456 1479 ntro

798 1491 921 1545 bique
942 1491 1059 1533 habet
1083 1495 1179 1533 Ouo.
1237 1498 1278 1534 Β.

850 1563 906 1601 40
934 1549 1042 1602 Quae
1069 1563 1132 1604 ego
1161 1548 1221 1600 eff:
1245 1553 1286 1589 in
1311 1548 1384 1592 illis
1398 1555 1456 1590 vi·

797 1604 880 1654 deo]
920 1604 1029 1644 Ordo
1064 1617 1103 1644 et
1138 1603 1263 1644 sentus
1291 1604 1352 1645 hic
1385 1608 1454 1654 est,

796 1661 975 1700 Multam
986 1660 1162 1708 homme
1172 1664 1333 1710 Demea,
1345 1661 1458 1717 {Igna

798 1713 949 1763 insunt,
989 1716 1205 1768 exquibus
1233 1730 1354 1758 come
1354 1720 1456 1759 “fula

796 1770 914 1811 facile
933 1770 994 1811 fit:
1023 1786 1121 1824 quae
1140 1786 1216 1826 ego
1238 1775 1311 1813 ilhs
1332 1773 1458 1815 inesse

799 1828 935 1876 video,
963 1841 1002 1868 vt
1021 1828 1214 1869 confidam
1233 1829 1321 1869 fore
1339 1832 1391 1870 ita
1415 1842 1454 1870 vt

798 1885 992 1923 volumus.
1049 1887 1098 1925 D.

855 1939 977 1982 Codd.
1005 1953 1141 1980 omnes
1169 1940 1306 1990 nostri,
1348 1941 1453 1996 Quae

797 2010 863 2051 ego
896 1995 1036 2037 inillis
1070 1996 1131 2049 effe
1155 1998 1273 2036 εἰμ’-,ιο
1326 1999 1451 2039 Κθεῖε.

797 2055 1045 2101 Eun.111,1,
1080 2067 1125 2093 11.
1158 2053 1451 2106 Ouifidhabet,

797 2109 901 2161 quod
925 2111 963 2147 in
990 2121 1023 2147 te
1043 2107 1102 2160 est
1159 2112 1200 2148 Β.

850 2177 901 2216 41
930 2162 1148 2218 Intetll'gere,
1167 2167 1206 2203 in
1219 2165 1454 2220 Ιοεοιενενὶ]

797 2222 907 2266 Nou,
938 2221 984 2258 In
1010 2221 1058 2258 lo
1057 2234 1086 2257 '0
1114 2223 1168 2259 in.
1160 2219 1341 2275 elligere.-
1369 2219 1452 2271 sed,

797 2277 844 2315 Iu
863 2276 941 2314 loco
961 2279 1095 2315 vereri.
1154 2278 1201 2316 D.

850 2334 896 2370 111
920 2331 1100 2370 omnibus
1127 2329 1210 2371 fc--ze
1230 2330 1363 2371 nostris
1384 2333 1450 2382 est,

799 2388 912 2426 Video
944 2386 1168 2438 eossbpere
1204 2398 1245 2426 et
1278 2389 1454 2441 apprime

797 2443 872 2482 huc
893 2444 1090 2482 conuenit.
1146 2445 1184 2483 Β.

849 2511 903 2551 42
944 2499 1048 2537 Inter
1081 2497 1124 2548 fi·
1169 2497 1305 2545 amare]
1359 2500 1451 2541 Cito

797 2553 916 2604 (Scite
935 2556 998 2606 Z.)
1018 2553 1117 2592 dixit
1138 2555 1318 2606 Interfis
1343 2554 1451 2607 quod

798 2610 868 2657 cst,
899 2624 1019 2662 quum
1040 2611 1136 2648 aiter
1166 2612 1330 2651 alterum
1350 2613 1451 2651 inui-

797 2679 882 2707 cem
905 2677 1018 2707 amat.
1078 2668 1124 2708 D.

905 2725 950 2766 M
978 2735 1017 2784 2v
1352 2721 1452 2762 Ssz're
