1827 3180
624 205 922 252 HECYRA4

1337 220 1427 270 393

213 335 334 380 Nam
361 348 586 396 nunquam
621 344 716 380 ante
746 334 865 380 hunc
895 331 1011 378 diem
1030 332 1138 378 meis
1162 332 1298 381 oculis
1322 350 1430 389 eam,

311 409 428 471 quod
449 406 626 459 nossem,
650 408 856 456 videram.

211 483 479 530 Perliberalis
505 478 646 533 visa’st.
682 482 829 530 PAM.
866 481 933 529 dic
963 497 1130 530 verum.
1163 481 1253 534 BA.
1286 485 1343 532 ita
1360 503 1431 534 me

311 561 369 604 Di
393 570 548 612 ament,
570 559 809 623 Pamphile.

116 648 176 695 25
212 628 367 679 PAM.
405 637 487 680 Dic
523 635 654 687 mihi,
685 635 839 680 harum
870 649 1016 680 rerum
1048 650 1156 680 num
1189 634 1294 698 quid
1327 635 1430 684 dixti

311 711 392 754 iam
415 711 556 773 patri?
593 707 695 758 BA.
731 709 853 757 nihil.
890 706 1032 754 PAM.
1069 726 1210 772 neque
1234 710 1431 776 opusest,

211 782 337 830 Adeo
372 787 553 830 mutito:
592 785 733 849 placet
765 801 856 831 non
893 781 987 830 fieri
1007 783 1092 830 hoc
1114 785 1285 839 itidem,
1319 799 1364 834 vt
1384 789 1431 834 in

312 859 576 918 Comoediis,

211 935 373 980 Omnia
394 951 545 980 omnes
569 934 643 982 vbi
660 934 898 984 resciscunt.
928 934 1024 988 hic,
1055 952 1166 999 quos
1188 953 1266 1003 par
1292 937 1432 985 fuerat
1475 931 1477 933 ¹

245 1030 250 1034 ·
307 1008 536 1062 resciscere,

210 1085 381 1132 Sciunt;
418 1094 527 1148 quos
565 1103 653 1133 non
683 1097 827 1133 autem
860 1081 1092 1151 aequom'st
1124 1086 1249 1142 scire,
1289 1103 1434 1153 neque

306 1159 539 1214 resciscent,
562 1178 706 1226 neque
730 1161 872 1214 scient.

134 1369 185 1413 23
219 1359 425 1414 Nunquam
451 1376 532 1403 ante
562 1362 654 1403 hunc
675 1364 730 1403 di-

75 1428 129 1455 em
148 1419 231 1454 meis
260 1419 371 1458 oculis
399 1434 495 1466 eam,
526 1421 625 1472 quod
653 1419 730 1470 nost

65 1471 166 1523 sem,
196 1473 378 1527 videram]
406 1476 490 1513 Hoc
520 1476 593 1520 est,
629 1489 728 1513 nun·

77 1541 194 1578 quam
214 1526 260 1565 fic
279 1529 459 1577 videram,
489 1541 525 1568 vt
543 1543 627 1569 eam
649 1528 729 1569 nos-

76 1580 167 1622 sem.
222 1584 336 1637 Quod
377 1585 533 1640 nossem]
584 1586 626 1625 Id
668 1586 731 1634 est,

75 1637 184 1690 quod
216 1638 493 1690 meminiffem‚
534 1641 637 1694 quod
665 1639 730 1680 sci·

76 1708 182 1734 rem:
213 1708 256 1733 ac
276 1709 346 1748 per
363 1696 447 1743 hoc,
467 1711 666 1749 nunquam
681 1699 731 1736 vi-

74 1750 219 1790 deram.
250 1763 290 1791 vt
317 1752 408 1791 alibi
435 1753 567 1804 (Adel.
590 1766 662 1799 lv,
689 1764 726 1805 ς,

73 1808 159 1858 7.),
192 1806 283 1847 Non
308 1809 468 1861 equidem
496 1809 603 1860 istuc,
633 1809 733 1863 quod

65 1861 197 1913 fidam.
253 1866 300 1904 D.

134 1920 234 1967 Eam,
263 1919 364 1972 quod
379 1919 516 1973 noffmx,
544 1921 729 1974 videram]

71 1974 163 2014 Hoc
194 1974 266 2021 est,
299 1988 381 2015 non
408 1977 456 2014 iic
473 1976 665 2026 videram,
693 1990 730 2016 vt

74 2027 340 2070 eamnoss'em.
397 2035 440 2072 E.

129 2097 184 2138 24
212 2086 285 2125 Dic
301 2089 445 2143 verum]
475 2091 580 2129 Bene
591 2088 729 2129 instan-

75 2148 137 2178 ter
158 2153 203 2179 ex
224 2144 422 2182 meretrice
443 2147 606 2196 quaerit,
634 2144 726 2197 quid

75 2194 129 2233 de
154 2194 275 2235 sonna
313 2200 438 2237 vxoris
479 2199 621 2240 sentiat.
662 2198 730 2239 scit

74 2250 183 2288 enim
213 2250 310 2289 hanc
343 2253 507 2294 iudicem
545 2253 620 2294 esse
650 2257 730 2306 pul·

74 2305 304 2345 claritudinis
320 2307 445 2359 posse:
477 2311 535 2350 vel
554 2311 657 2362 quod
680 2310 732 2349 fe-

75 2362 197 2408 mina,
221 2363 280 2400 vel
296 2365 398 2412 quod
410 2367 572 2406 aemula.
629 2369 677 2406 D.

129 2416 361 2458 Perliberalis
379 2420 516 2474 vijh'fl]
538 2421 624 2462 Vid.
637 2420 729 2461 Fest.

72 2471 119 2513 in
140 2485 230 2512 voce
249 2472 437 2514 liberales.
496 2480 535 2517 L.

130 2540 182 2580 25
213 2529 430 2584 Numquid]
449 2534 549 2572 Num
568 2532 728 2584 aliquid.

75 2584 299 2624 acuendum
314 2598 408 2639 ergo
427 2587 544 2641 Quid.
602 2590 729 2642 Neque

2 2636 5 2640 '
73 2649 166 2690 opus
191 2639 256 2690 est,
285 2642 370 2681 adeo
395 2642 544 2693 munito]
575 2646 647 2690 Vel
675 2655 730 2687 te-

75 2695 146 2737 nui·
165 2695 278 2740 dido.
332 2700 380 2744 D.

1338 1242 1371 1286 B
1389 1257 1433 1287 Α.

834 1364 1030 1417 Numquid
1031 1362 1181 1415 fitbolet
1185 1365 1288 1416 patri
1296 1362 1330 1417 ἲ]
1349 1364 1433 1403 Me-

781 1421 872 1466 tuit,
915 1433 968 1459 ne
1009 1432 1115 1471 pater
1143 1419 1337 1458 audiuerit
1369 1429 1434 1458 aut

779 1473 988 1527 suspicetur
1009 1475 1152 1527 aliquid
1174 1474 1223 1514 de
1242 1472 1434 1526 compres-

779 1529 829 1570 su.
887 1535 930 1572 E.

836 1591 889 1630 26
923 1586 1013 1625 Non
1025 1584 1114 1637 fieri
1134 1584 1201 1624 hoc
1217 1586 1356 1634 itidem,
1388 1599 1432 1626 vt

780 1644 821 1682 in
834 1640 1056 1688 Comoediis]
1076 1642 1199 1684 Mire:
1221 1641 1322 1692 quasi
1334 1641 1432 1681 haec

780 1697 997 1740 Comoedia
1015 1710 1094 1736 non
1112 1696 1172 1744 fit,
1200 1694 1262 1737 sed
1282 1698 1431 1737 veritas.

781 1765 848 1793 aut
866 1752 970 1794 deest
989 1752 1093 1793 Aliis.
1154 1753 1205 1793 Vt
1222 1756 1262 1792 in
1285 1754 1432 1793 Comoe-

779 1811 867 1855 diis]
898 1807 1015 1850 Deest
1036 1807 1108 1848 Fit.
1165 1807 1217 1850 D.

836 1867 886 1906 Vt
905 1869 943 1904 in
964 1864 1181 1909 Comoediis]
1201 1863 1316 1916 Quasi
1334 1864 1430 1905 haec

779 1921 995 1963 Comoedia
1033 1933 1113 1958 non
1152 1919 1206 1959 fit.
1271 1921 1430 1962 Constat

781 1979 898 2025 enim,
926 1978 965 2016 in
987 1974 1211 2018 Comoediis
1231 1976 1270 2014 in
1292 1977 1430 2028 postre-

779 2048 841 2074 ma
879 2044 986 2085 parte
1024 2028 1205 2084 personas
1244 2033 1428 2084 plui-imas

779 2090 886 2143 poni.
943 2091 984 2127 E.

834 2150 928 2197 Leg.
952 2142 1073 2182 Placet
1093 2142 1180 2182 haut
1190 2141 1291 2193 fieri.
1335 2146 1374 2182 Β.

831 2213 884 2253 27
920 2199 1051 2238 Omnia
1077 2212 1193 2238 omnes
1219 2197 1282 2238 vbi
1309 2197 1429 2249 refitf

779 2257 885 2309 cum]
916 2258 959 2294 In
978 2253 1056 2292 fine
1066 2255 1170 2292 enim
1185 2255 1429 2295 Comoediae

780 2312 878 2352 nihil
927 2312 1103 2360 cuiquam
1152 2310 1262 2348 celari
1316 2308 1425 2349 solet.

785 2368 865 2413 Hic,
887 2379 972 2419 quos
988 2376 1058 2415 per
1074 2365 1209 2416 fuerat
1261 2365 1354 2414 Hic,
1385 2366 1428 2405 in

779 2421 849 2461 hac
861 2420 1082 2467 Comoedia,
1094 2421 1206 2459 autin
1244 2433 1284 2459 ac
1296 2434 1348 2460 re.
1374 2425 1428 2464 D.

831 2481 1027 2519 Accentut
1067 2477 1183 2529 gratia
1219 2489 1265 2516 ex
1291 2476 1427 2518 Bemb.

779 2532 919 2585 sequor
949 2532 1051 2571 hunc
1092 2532 1288 2583 ordinem,
1325 2535 1428 2589 Quos

767 2590 909 2646 frierat
922 2598 1005 2642 par.
1065 2590 1108 2628 Β.

833 2652 883 2694 28
915 2645 1041 2697 Neque
1071 2641 1276 2695 refiifient,
1315 2655 1428 2698 nepe

768 2699 920 2800 scienti}3
940 2699 1144 2752 Rescifiunt
1158 2699 1208 2741 ad
1228 2712 1324 2754 quos
1335 2714 1430 2763 ‘per-

930 2756 955 2798 b
986 2769 1010 2813 5
1316 2766 1431 2797 unet.
