1875 3308
671 230 965 277 ADELPH.

1388 247 1478 292 ¹²9

243 356 334 409 ΒΥ.
373 363 451 410 Ita.
490 358 593 408 DE.
627 359 896 407 diminuetur
925 356 1004 404 tibi
1038 355 1218 421 quidem
1239 359 1326 406 iam
1357 377 1472 410 cere-

339 435 485 482 brum.
524 434 610 483 SY.
647 446 689 482 at
715 451 878 482 nomen
899 431 1040 479 nescio

241 511 364 560 Illius
397 512 612 563 hominis,
651 509 721 558 sed
742 510 891 556 locum
927 509 1035 556 noui
1056 508 1132 557 vbi
1156 506 1219 557 fit.
1255 508 1365 558 DE.
1404 513 1473 561 dio

342 603 450 648 ergo
480 589 644 633 locum.

240 659 273 709 S
290 675 337 710 Y.
375 661 547 709 Nostin’
571 662 802 727 porticum,
821 659 939 725 apud
950 659 1193 713 macellum,
1216 660 1328 710 hanc
1351 662 1474 712 deor-

340 736 464 786 sum?
492 736 591 785 DE.
631 735 783 801 quidni
803 736 1040 782 nouerim?
1485 795 1487 797 ‚

148 827 212 878 35
251 810 344 860 SY.
390 814 626 861 Praeterito
663 812 743 867 hap
772 808 890 858 refila
919 811 1061 878 platea
1088 810 1271 859 sursum:
1317 813 1391 862 vbi
1420 802 1474 864 eo

338 890 525 944 veneriS,

244 963 393 1011 Cliuos
416 962 626 1013 deorsum
657 962 802 1013 vorstis
838 960 921 1012 est:
976 962 1058 1010 hac
1090 972 1133 1010 te
1166 966 1470 1033 praecipitato.

336 1037 485 1105 postea

163 1271 218 1314 32
249 1258 494 1300 Diminuetur
521 1258 595 1300 eibi
615 1258 763 1313 quidem

108 1317 184 1356 iam
203 1316 401 1371 cerebrum]
436 1316 763 1358 comminationis

107 1385 235 1427 genus
254 1372 371 1412 verba
396 1369 475 1423 ipsa
502 1372 695 1411 indicant:
726 1382 764 1411 vt

1398 1116 1473 1166 Est

813 1268 852 1300 et
869 1259 1081 1312 parciffimo
1107 1257 1187 1299 seni
1206 1262 1409 1303 macellum
1428 1263 1472 1304 in

812 1315 906 1356 vrbe
923 1315 1082 1356 nescire.
1118 1327 1159 1355 et
1175 1317 1264 1357 Ideo
1284 1318 1332 1358 fic
1351 1320 1473 1360 inter-

815 1384 973 1422 rogatur
1003 1387 1024 1411 a
1049 1370 1172 1411 seruo.
1230 1375 1338 1414 Hanc
1367 1376 1471 1416 deor-

107 1441 288 1480 appateat
306 1426 437 1468 senem
455 1427 634 1467 baculum
651 1425 765 1466 sustu·
804 1416 908 1481 finit]
933 1432 1039 1468 Bene
1050 1429 1156 1467 Hanc
1173 1429 1358 1480 deorgsiaem:
1377 1434 1470 1482 quia

105 1482 202 1525 liffe.
266 1488 320 1524 At
355 1498 485 1524 nomen
516 1484 632 1533 nestio
666 1482 764 1522 illius

107 1541 278 1590 hominis,
291 1540 363 1591 fid
380 1542 498 1580 locum
509 1542 595 1579 noui
616 1539 682 1578 vbi
688 1538 761 1593 fit]

105 1597 245 1637 Reae:
275 1598 366 1648 quia
395 1595 421 1634 fi
442 1597 636 1635 Hominem
662 1594 761 1634 dice·

106 1662 179 1699 ret,
197 1665 280 1691 non
301 1663 382 1690 erat
399 1650 603 1690 errandum
631 1651 762 1703 agnita

104 1705 272 1761 persona
289 1706 480 1747 hominis:
505 1717 544 1745 et
570 1705 635 1744 vbi
655 1704 763 1744 habi-

106 1774 175 1812 tet,
196 1765 367 1816 cognito.
395 1761 421 1802 fi
442 1773 555 1801 notus
566 1759 670 1812 effer,
681 1762 764 1800 nul·

104 1820 141 1859 la
187 1817 294 1859 causa
337 1818 552 1871 quaerendi
594 1815 762 1871 superes·

103 1873 172 1916 set.
232 1878 280 1916 D.

814 1497 895 1522 non
919 1482 972 1523 est
992 1496 1078 1524 vna.
1133 1483 1278 1538 Qidm'
1291 1490 1409 1526 norim
1421 1489 1472 1583 Ἦ

813 1540 1062 1591 Correptiue‚
1085 1538 1253 1593 Qidni?
1284 1555 1352 1592 pro
1361 1542 1442 1597 Qui

812 1595 906 1647 nist?
935 1596 1092 1634 Etenim
1104 1599 1280 1647 quamuis
1291 1598 1464 1650 rusticus,

812 1662 943 1690 tamen
961 1649 1015 1690 est
1040 1652 1130 1690 ciuis
1148 1654 1308 1692 Demea.
1363 1657 1409 1695 D.

867 1705 1018 1758 Nostin'
1041 1710 1244 1758 porticum,
1269 1710 1368 1762 apud
1393 1724 1470 1750 ma·

812 1760 948 1810 cellum,
964 1762 1056 1801 hanc
1074 1763 1294 1819 deor-fiam?]
1320 1763 1469 1807 Falsum

810 1820 852 1858 in
874 1819 1003 1858 locum
1019 1819 1136 1858 mittit
1153 1821 1274 1874 longe
1285 1822 1463 1873 politum,

812 1887 850 1914 vt
869 1875 1074 1914 circumeat
1099 1877 1309 1916 ciuitatem.
1364 1881 1407 1918 E.

864 1931 1064 1971 Bentleius
1101 1931 1224 1971 edidit
1251 1933 1334 1973 Hac
1363 1934 1467 1975 deor-

158 1988 402 2028 Diminuetur
418 1980 504 2030 tibi]
531 1988 588 2027 Ex
606 1981 762 2026 Priscia·
799 1986 899 2038 fiam.
956 1990 997 2028 Z.

107 2044 151 2083 ni
187 2042 376 2082 sententia
410 2043 672 2083 dimminuetur
707 2043 762 2082 le-

107 2099 296 2154 gendum,
320 2099 384 2138 lib.
409 2111 442 2142 1.
497 2101 537 2139 L.

160 2223 212 2264 33
244 2211 322 2251 Dic
343 2224 429 2266 ergo
450 2209 586 2264 Iocum]
615 2208 691 2249 Dic
709 2223 762 2249 er-

107 2282 171 2323 go,
188 2268 286 2318 quali
299 2269 462 2306 inuitum
473 2268 657 2320 coegerit.
693 2265 762 2305 Er·

106 2337 154 2379 go
181 2323 328 2372 semper
349 2323 542 2371 addimus,
576 2334 612 2362 vt
636 2321 761 2362 horte-

106 2393 198 2418 mur
229 2378 333 2418 tarde
359 2378 452 2430 quid
483 2378 679 2417 facientes.
723 2387 761 2416 vt

107 2436 225 2487 Virg.
254 2435 374 2485 (Aen.
408 2447 460 2481 ιι,
500 2437 614 2486 707.)
658 2434 760 2487 Ergo

109 2504 185 2545 age,
208 2504 286 2528 care
304 2502 421 2542 pater,
457 2492 587 2530 ceruici
603 2492 760 2542 impone-

103 2560 150 2588 re
172 2547 323 2599 nostrae.
378 2548 427 2587 D.

164 2671 220 2712 34
252 2657 396 2710 Nostin·
436 2660 622 2711 porticum
662 2656 764 2712 apud

111 2714 351 2768 uacei'lun13]
393 2715 599 2757 Conuenit
625 2714 761 2757 rustico

166 2771 246 2812 Ter.
259 2772 299 2813 C.
318 2771 362 2812 P.
379 2770 429 2812 ll.

869 2110 921 2152 35
952 2097 1033 2138 Hac
1051 2099 1166 2147 νεὲἶα]
1195 2101 1364 2153 Proprie,
1392 2101 1467 2141 hae

812 2166 942 2207 parte:
973 2166 1013 2193 vt
1041 2158 1270 2195 manuviam
1291 2157 1468 2198 ostende-

811 2223 853 2250 re
885 2211 1071 2251 videatur.
1134 2213 1207 2251 Vbi
1239 2227 1278 2250 eo
1308 2217 1466 2264 veneris,

811 2268 927 2308 cliuos
951 2267 1117 2318 deorsum
1145 2268 1275 2318 vorsits
1304 2268 1367 2319 est:
1397 2270 1465 2311 hac

809 2336 845 2362 te
878 2322 1139 2374 praecipitato]
1180 2327 1263 2363 Hoc
1296 2325 1464 2373 lentius;

810 2377 965 2428 quidam
995 2379 1127 2417 clarius
1154 2381 1310 2431 legunt:
1350 2390 1391 2418 vt
1420 2381 1465 2420 fit

810 2435 1071 2488 Praecipitem,
1091 2436 1165 2474 cito
1183 2433 1384 2475 descende.
1413 2441 1464 2479 D.

866 2493 936 2530 Pro
984 2489 1135 2541 Surfiem
1177 2487 1341 2531 rescribe
1376 2491 1464 2532 Sur-

798 2544 877 2601 stcs.
936 2549 976 2586 B.

863 2660 917 2710 36
947 2656 1070 2698 Nostri
1092 2669 1176 2698 cum
1194 2656 1291 2700 Edd.
1314 2669 1402 2700 vett.
1423 2670 1462 2700 et

809 2712 998 2809 Priscianci·
1017 2714 1160 2755 habent
1189 2715 1352 2768 Vorfiem.
1380 2720 1420 2757 B.
