1875 3308
646 186 949 252 Ani-:Lpflj

1371 214 1460 259 14¹

232 337 421 402 Vsquam
453 331 614 382 efferri.
658 351 704 379 ae
739 335 890 386 mitt03
936 325 1031 374 fieri
1059 328 1176 392 potis
1211 324 1293 380 est,
1331 338 1377 375 vt
1406 344 1464 376 ne

331 429 416 476 qua
441 422 574 457 exeat-

233 488 381 554 Ipsum
415 486 458 532 id
489 497 639 533 metuo
664 495 710 531 vt
741 481 941 530 credant:
973 489 1042 526 tot
1064 487 1336 526 concurrunt
1355 481 1464 526 veri-

330 561 479 608 fimilia
501 579 509 605 ε

231 641 423 700 Egomet
455 637 603 701 rapui:
645 634 733 700 ipse
774 641 951 694 egomet
978 631 1086 680 solui
1118 640 1371 691 argentum:
1411 629 1466 677 ad

333 730 404 760 me
428 709 612 759 abducsta
635 708 697 756 est
720 708 927 756 domurn:

137 807 199 840 20
235 793 357 837 Haec
391 788 499 835 adeo
533 802 630 834 mea
663 784 791 850 culpa
818 784 956 831 fateor
979 779 1091 831 fieri.
1132 796 1328 831 nonme
1352 781 1465 829 hanc

331 881 426 910 rem
454 865 581 929 patri,

235 945 347 987 Vtut
361 950 450 986 erat
461 932 772 1000 gesta,indicaff
767 952 790 982 e
801 935 822 980 '?
836 930 1069 982 exoraffem
1080 944 1126 981 vt
1138 949 1233 979 eam
1244 931 1466 980 duceremss

236 1012 451 1063 Cessatum
473 1013 602 1077 vsque
623 1012 764 1059 adhuc
785 1009 843 1057 est
859 1031 868 1056 :
906 1027 1026 1058 nunc
1046 1026 1199 1076 porro,
1237 1009 1467 1062 Aeschine,

334 1089 625 1155 expergiscere
638 1107 646 1132 :

235 1170 372 1216 Nunc
395 1166 480 1212 hoc
499 1157 769 1229 primum’st:

334 1240 532 1288 accedam
555 1239 607 1286 ad
631 1239 760 1287 fores.

103 1434 147 1464 vt
168 1422 215 1463 ad
233 1423 315 1463 illas
336 1431 530 1476 pergeret,
551 1430 591 1461 et
616 1417 653 1460 se
675 1434 761 1473 pm·-

109 1492 229 1536 garet.
284 1483 328 1520 E.

160 1536 358 1576 Bentleius
391 1547 478 1574 cum
515 1532 596 1572 aliis
626 1532 761 1579 edidit,

104 1592 240 1633 Dicam
256 1592 404 1644 fratris
431 1588 493 1642 effi
517 1589 634 1630 hunc?
664 1588 765 1642 quod

105 1646 296 1699 minime'st
314 1658 410 1699 opus.
464 1647 507 1684 Z.

164 1715 216 1757 17
248 1702 297 1742 Vt
316 1715 358 1741 ne
383 1712 453 1755 qua
469 1699 595 1754 exeat]
624 1703 758 1740 Erum-

106 1770 196 1812 pat:
241 1768 281 1798 vt
314 1760 433 1810 (Aen.
463 1770 522 1802 Π,
554 1756 668 1809 496.)
704 1778 760 1785 --

105 1837 160 1847 -·—
185 1828 296 1869 quum
303 1814 476 1867 spumeus
496 1816 615 1852 amnis
640 1810 760 1858 Exiit,

107 1870 361 1925 oppositasque
386 1871 495 1909 euicit
518 1870 673 1924 gurgite
693 1880 767 1906 mo-

109 1927 170 1968 les.
229 1929 279 1967 D.

164 1982 297 2036 Vulgo
325 1983 405 2036 Age
437 1982 571 2021 mitto:
607 1978 767 2020 VissorI-

112 2053 176 2078 an.
195 2042 347 2078 amitto:
373 2037 504 2077 Bemb.
521 2050 562 2076 ac
579 2038 700 2084 mino,
727 2042 767 2074 vt

112 2097 155 2134 in
193 2094 344 2135 Phor-m.
375 2096 430 2134 Ac
468 2092 578 2133 mino
615 2094 765 2145 imperi·

111 2165 182 2191 um.
243 2154 285 2191 Β.

173 2214 220 2255 18
249 2205 367 2258 Jpficm
391 2206 434 2246 id
455 2216 596 2253 metuo,
627 2216 667 2244 vt
695 2215 767 2242 cre·

115 2263 227 2316 dant]
267 2262 408 2314 Ipficm,
443 2260 551 2314 quod
580 2258 684 2300 fratri
709 2273 766 2298 ra-

114 2319 194 2372 pui.
226 2329 265 2356 et
287 2318 346 2366 Vt,
368 2331 437 2370 pro
455 2319 516 2357 Ne
535 2330 610 2358 non
630 2312 765 2367 posuit.

123 2376 198 2415 Tot
221 2385 437 2415 concurrunt
458 2370 685 2424 verifimilt‘a]
718 2372 768 2409 Vt

117 2442 206 2470 mea
228 2425 304 2469 esse
322 2430 508 2470 credatur.
563 2431 611 2469 D.

177 2497 225 2538 19
254 2485 317 2525 Ad
349 2500 405 2524 me
441 2485 594 2525 abduc'la
628 2481 674 2534 est
707 2481 771 2521 do-

117 2543 232 2596 mum]
265 2543 442 2593 Proprie,
470 2554 552 2580 non
580 2538 678 2579 dixit
696 2538 772 2577 Ad-

119 2599 237 2646 duc‘ta,
257 2596 322 2637 sed
343 2596 534 2637 Abdum:
563 2594 771 2635 Abducitur

120 2656 230 2693 enim
247 2654 441 2702 alienum3
471 2664 508 2692 vt
525 2654 564 2691 in
577 2654 772 2692 Heauton·

122 2709 384 2755 timorumeno
392 2741 404 2764 ,
432 2708 652 2755 Abducimus
668 2719 770 2750 tuam

804 1162 857 1210 ad
879 1162 978 1209 alias
1002 1160 1091 1215 ibo,
1113 1172 1159 1209 vt
1168 1176 1464 1226 purgemme:

1331 1310 1468 1360 Perii!

809 1416 1040 1460 Bacchidem.
1097 1419 1160 1459 Ad
1176 1432 1230 1458 me
1249 1428 1381 1457 autem
1401 1416 1470 1456 do·

811 1492 932 1522 mum,
955 1476 1152 1515 moraliter
1173 1474 1288 1524 dixit,
1316 1486 1388 1526 pro
1406 1470 1470 1513 Ad

812 1533 961 1574 domum
978 1545 1105 1572 meam.
1136 1544 1188 1570 an
1206 1531 1295 1570 ideo
1314 1530 1379 1569 Ad
1403 1543 1469 1576 me,

813 1590 902 1641 quia
919 1600 957 1629 et
975 1587 1054 1627 illic
1073 1586 1231 1626 luEiatus
1251 1585 1344 1625 leno
1363 1584 1470 1624 estin

809 1644 1019 1684 retinenda
1060 1654 1193 1681 contra
1232 1639 1471 1684 Aeschinum

809 1698 966 1753 puella?
1021 1700 1074 1741 D.

864 1755 1022 1812 Egomet
1049 1755 1176 1808 rapui]
1205 1751 1382 1794 Priscian.
1403 1751 1469 1796 lib.

808 1827 900 1854 xm.
956 1817 997 1854 L.

871 1882 922 1912 21
958 1874 1047 1908 Vtut
1068 1880 1147 1907 erat
1162 1865 1278 1922 gesta,
1311 1862 1473 1918 indicas:

804 1925 904 1981 [ἓξ]
933 1924 976 1966 ld
997 1924 1060 1973 est,
1080 1923 1160 1963 fiue
1178 1923 1292 1970 male,
1308 1921 1385 1962 fiue
1405 1921 1473 1960 be⁴

817 1995 870 2022 ne
899 1981 1003 2036 gesta
1030 1991 1130 2020 erat:
1160 1992 1203 2018 vt
1228 1979 1360 2029 enim,
1391 1990 1473 2015 cer-

818 2050 895 2078 tam
915 2034 1136 2090 qualitatem
1154 2033 1360 2088 fignificat:
1388 2039 1474 2072 vtuit

813 2097 1020 2140 incertam3
1040 2090 1141 2144 quasi
1160 2091 1275 2139 dicat,
1298 2091 1473 2140 Quoquo

814 2151 942 2200 modo,
967 2150 1078 2197 male,
1091 2148 1205 2187 bene.
1263 2142 1390 2185 Exora
1421 2158 1475 2184 em

814 2221 858 2247 vt
874 2221 950 2246 eam
968 2203 1153 2257 ducerem]
1182 2203 1247 2244 Sic
1263 2203 1370 2242 enim
1389 2215 1476 2253 pro-

814 2261 966 2303 miserat
997 2260 1186 2301 Sostratae
1215 2256 1254 2297 se
1283 2254 1393 2297 suiss'e
1412 2257 1476 2296 'sa-

816 2320 974 2358 fiurum.
1030 2319 1080 2356 D.

874 2385 927 2415 22
956 2374 1069 2413 Nunc
1084 2383 1213 2423 porro,
1225 2367 1406 2421 Aefihine,
1417 2383 1475 2410 eac⁴

815 2429 1033 2484 pergiscere]
1069 2429 1131 2468 sic
1154 2438 1192 2465 et
1211 2426 1323 2473 alibi,
1352 2426 1479 2465 Enim-

818 2500 920 2533 uero,
942 2485 1064 2532 Daue,
1093 2480 1191 2522 nihil
1208 2484 1282 2522 loci
1299 2480 1479 2536 estfigni·

822 2546 907 2590 tiae,
934 2553 1046 2594 neque
1051 2539 1258 2590 socordiae.
1315 2543 1478 2592 Legitur

822 2612 860 2640 et
886 2602 979 2638 iam:
1010 2595 1114 2649 quod
1141 2595 1197 2634 est
1215 2596 1478 2648 correptiuum

819 2654 1033 2697 interdum.
1088 2653 1138 2691 D.
1384 2659 1392 2670 ·’

874 2723 926 2768 23
961 2710 1072 2755 Nunc
1090 2707 1157 2752 hoc
1179 2706 1359 2764 primum]
1393 2705 1479 2744 Pri¹

1368 2775 1479 2817 mum³
