1875 3292
402 185 501 234 440

822 176 978 224 ACT.
1005 177 1038 224 1.
1069 176 1262 225 SCEN.
1289 178 1345 227 11.

540 304 675 360 Quod
706 289 778 351 det
808 301 991 356 fortasse.
1041 307 1142 354 GE.
1191 306 1329 354 immo
1361 305 1496 361 nihil,
1531 283 1619 354 nifi'
1641 306 1761 374 spem

637 395 817 428 meram.

541 451 651 502 DA.
691 460 814 504 Pater
853 459 945 504 eius
981 457 1160 510 rediit‚·-
1183 458 1361 505 annon?
1400 453 1508 507 GE.
1550 457 1763 506 nondum.

643 528 693 578 D
711 543 760 578 A.
797 522 954 596 quid?
973 531 1116 579 senem

547 605 706 660 Quoad
729 605 974 672 exspeHatis
993 606 1214 655 vostrum?
1244 603 1296 654 G
1310 621 1348 655 Ε.
1374 625 1463 656 non
1477 620 1644 657 certum
1658 609 1764 658 scio:

547 681 631 728 Sed
653 681 874 746 epistolam
895 683 946 730 ab
968 700 1019 730 eo
1040 682 1205 731 allatam
1228 679 1308 729 esse
1332 683 1479 730 audiui
1502 685 1653 742 modo,

422 772 515 806 100
546 759 603 803 Et
623 756 676 802 ad
695 760 929 822 portitores
953 756 1034 804 effe
1058 758 1260 805 delatam:
1298 758 1408 805 hanc
1428 770 1590 824 petam.

550 829 663 880 DA.
701 834 950 897 Numquid,
975 836 1100 888 Geta,

648 923 705 953 ne
724 905 772 955 fit
792 909 885 956 tibi.

1123 833 1238 881 aliud
1258 850 1329 880 me
1348 834 1442 882 vis?
1488 832 1538 882 G
1552 847 1597 882 F..
1633 844 1679 884 vt
1698 835 1771 896 be-

552 985 666 1030 Puer
676 981 807 1033 heus:
828 977 1007 1034 nemon'
1016 983 1103 1033 huc
1113 984 1290 1053 prodit?
1300 1000 1418 1052 cape,
1431 984 1482 1033 da
1492 985 1579 1034 hoc
1591 988 1774 1034 Dorcio.

479 1220 536 1270 96
574 1218 689 1260 Immo
728 1221 842 1270 nihil,
879 1221 952 1274 nisi
977 1221 1082 1276 spem

427 1274 580 1329 meram]
608 1279 717 1316 Bene
729 1277 850 1329 Spem:
870 1280 960 1330 quia
971 1290 1081 1318 amar.

427 1343 547 1369 nemo
584 1333 688 1370 enim
737 1333 817 1374 {ine
860 1332 927 1386 spe
963 1345 1077 1375 amat.

431 1386 600 1441 Merum]
631 1389 770 1428 Solam.
827 1391 876 1430 D.

485 1442 579 1493 N‘fi
581 1441 685 1495 spem
701 1446 854 1498 meram]
883 1446 1009 1487 Solam
1029 1447 1084 1486 in-

433 1497 519 1547 quit
536 1496 654 1550 spem,
675 1501 765 1552 quia
775 1500 871 1540 nihil
884 1502 1010 1542 habet.
1039 1506 1083 1542 E.

490 1565 544 1605 97
564 1555 678 1595 Pater
694 1558 770 1595 eius
778 1557 900 1606 rediit,
911 1572 958 1597 an
967 1571 1039 1597 non
1049 1558 1085 1611 ἕ]

433 1607 623 1650 Chremes
668 1609 820 1652 scilicet.
892 1614 1084 1667 Nondum]

434 1664 609 1703 Subaudi
655 1668 774 1706 Venit.
840 1672 920 1708 Iam
957 1671 1085 1719 (venit.

434 1729 653 1766 ΝοΝονΜ,
683 1724 768 1772 quia
790 1726 938 1761 eueniet.
985 1724 1087 1762 Nam

435 1770 506 1813 Ms.
529 1776 596 1825 Η.)
621 1789 694 1814 non
712 1778 826 1828 plena
845 1779 1001 1830 negatio
1022 1778 1086 1817 est.

437 1829 570 1883 Qid?
589 1830 712 1880 finem
739 1835 859 1885 quoad
877 1833 1089 1885 exspec'tatis

436 1883 591 1934 vestrum
603 1887 636 1940 ἓ]
653 1887 974 1934 Αηίιηειάιιειτὶῑε,
985 1889 1090 1940 Quid

437 1937 649 1981 secundum
663 1957 808 1983 morem
820 1944 1087 1994 quotidianum

439 2005 519 2034 tum
547 1998 640 2045 dici,
669 2013 788 2050 quum
818 1999 858 2038 fit
879 2001 1048 2040 transitus
1068 2014 1089 2038 a

436 2055 646 2091 mentione
676 2056 827 2094 alterius
852 2057 906 2094 rei
934 2055 980 2094 ad
998 2057 1089 2095 alte-

438 2120 531 2146 ram.
585 2111 643 2149 Sic
669 2122 707 2148 et
730 2109 853 2160 supra,
878 2111 985 2166 Qid
1008 2123 1091 2165 pae-

442 2164 603 2217 dagogus
624 2164 711 2204 ille?
766 2171 817 2207 l).

467 2228 519 2272 98
527 2221 669 2273 onad
676 2221 758 2273 exsp
764 2223 887 2262 cautis
898 2221 1046 2273 vestrum
1056 2223 1089 2276 ἲ]

441 2274 599 2328 Quoad,
643 2279 832 2326 quamdiu.
908 2281 955 2317 Et
991 2281 1092 2318 reste

443 2332 592 2369 locutus
614 2332 684 2370 est:
718 2335 803 2384 quin
823 2334 1026 2382 aduentus,
1055 2333 1092 2374 fi·

445 2387 504 2424 nis
525 2387 576 2425 cst
595 2386 894 2438 &spe-§tationis
952 2393 999 2431 D.

496 2455 548 2494 99
578 2442 649 2481 Sed
668 2443 850 2495 epistolam
881 2444 925 2483 ab
946 2460 985 2484 eo
1002 2445 1088 2484 alla-

443 2509 520 2535 tam
546 2498 604 2548 effi
634 2500 778 2552 audiui]
816 2502 918 2542 Mire
944 2512 1094 2553 paratur

446 2552 668 2601 inopinatus
691 2553 812 2594 subito
829 2555 1017 2596 aduentus
1043 2555 1094 2595 se-

443 2608 513 2644 nis.
570 2611 662 2646 Nam
695 2608 773 2660 ipse
799 2613 948 2663 veniet,
986 2613 1090 2653 cuius

440 2661 637 2716 epistolam
655 2662 787 2716 sperat.
843 2671 894 2713 D.

1539 1081 1778 1128 ACTVS

1187 1233 1267 1266 100
1296 1221 1405 1262 Et‘ad
1418 1224 1621 1275 portitores
1641 1219 1702 1274 effi
1720 1221 1779 1262 de-

1129 1277 1258 1333 latam]
1280 1281 1396 1319 More
1407 1289 1593 1324 veterum,
1611 1277 1779 1330 magistri

1130 1333 1378 1385 tributorum,
1408 1334 1449 1373 id
1468 1334 1537 1382 est,
1571 1332 1781 1385 publicani,

1132 1403 1291 1443 operam
1311 1392 1352 1430 in
1371 1401 1481 1442 portu
1504 1389 1657 1438 dabant,
1682 1388 1783 1430 inse-

1132 1445 1338 1486 rendarum
1366 1459 1489 1485 rerum
1517 1456 1554 1484 et
1571 1443 1783 1485 efferenda-

1133 1516 1216 1542 rum
1245 1502 1406 1556 vestiga}
1443 1502 1673 1555 exigentes.,
1722 1500 1785 1541 Ad

1128 1558 1347 1612 portitores]
1378 1557 1438 1598 Ad
1460 1571 1525 1597 eos
1547 1558 1613 1609 qui
1640 1558 1679 1596 in
1699 1571 1784 1608 por-

1134 1626 1173 1653 tu
1193 1612 1290 1653 sunt.
1347 1616 1393 1654 Et
1412 1626 1489 1663 quo
1508 1625 1616 1651 more
1636 1612 1709 1650 hoc
1727 1612 1784 1651 di·

1135 1671 1240 1715 xerit,
1260 1668 1356 1718 vide,
1375 1668 1506 1707 Attico
1525 1681 1573 1706 an
1594 1671 1778 1708 Romano.

1188 1778 1249 1817 Ad
1271 1780 1491 1832 portitores]
1522 1778 1584 1818 Ad
1604 1790 1668 1818 eos
1694 1775 1789 1818 scili·

1137 1843 1210 1879 cer,
1230 1834 1296 1884 qui
1315 1834 1353 1871 in
1374 1844 1483 1884 portu
1505 1831 1601 1873 sunt.
1657 1836 1700 1874 E.

1196 1900 1267 1930 101
1300 1888 1513 1940 Numquid,
1546 1888 1652 1937 Geta,
1681 1889 1788 1930 aliud

1136 1957 1190 1983 me
1204 1944 1313 1999 vis?]
1343 1943 1497 1995 Absque
1524 1945 1591 1984 illo
1610 1957 1786 1998 argento,

1139 2013 1215 2050 quo
1242 2000 1310 2039 tibi
1335 2013 1356 2038 a
1375 2013 1438 2039 me
1457 2014 1552 2052 opus
1573 2000 1678 2044 fuit?
1734 2002 1787 2042 Vt

1139 2056 1225 2095 bene
1240 2056 1293 2106 Jit
1325 2055 1440 2110 tibi!]
1481 2056 1677 2103 Α’ρχαϊσμός
1707 2057 1787 2111 (Εᾶ-

1139 2111 1315 2158 φημισμδς,
1339 2109 1412 2160 seu,
1438 2112 1596 2159 Ᾰςεὶσμδς
1615 2115 1688 2165 Z.)‚
1714 2127 1787 2166 pro

1138 2166 1259 2208 Nihil.
1313 2169 1361 2207 D.

1198 2234 1273 2265 102
1302 2222 1399 2261 Puer
1419 2221 1526 2262 heus:
1555 2225 1693 2263 nemon'
1717 2223 1789 2263 huc

1138 2279 1267 2330 prodit
1286 2278 1326 2331 ?]
1379 2279 1535 2319 Moralis
1587 2281 1788 2332 expreffio.

1142 2337 1240 2373 Nam
1270 2346 1334 2373 eos
1356 2345 1484 2382 vocat,
1511 2335 1648 2386 quibus
1677 2336 1789 2375 initio

1144 2389 1349 2442 egrediens
1376 2389 1546 2437 dicebat,
1582 2391 1702 2444 Siquis
1734 2404 1790 2430 me
1855 2400 1859 2407 ¹

1143 2458 1292 2498 quaeret
1319 2447 1442 2496 rufin.
1497 2447 1613 2513 (lupe,
1646 2446 1693 2485 da
1723 2446 1791 2485 hoc

1141 2500 1301 2545 Dorcio]
1330 2500 1391 2541 Ad
1425 2509 1532 2545 κωΦον
1553 2501 1718 2547 πρόσωπον
1737 2502 1792 2539 lo·

1143 2557 1283 2606 quitur.
1340 2557 1498 2602 Dorcio]
1528 2556 1711 2597 Dareium
1738 2556 1791 2596 se-

1140 2611 1330 2650 mininum
1350 2624 1493 2651 nomen
1514 2611 1576 2662 est,
1608 2623 1645 2652 vt
1664 2610 1790 2652 Plane·

1131 2665 1238 2722 stum,
1266 2665 1487 2720 Glycerium.
1540 2669 1590 2710 D.

1659 2727 1791 2778 Appa-
