<?xml version="1.0" encoding="UTF-8"?>
<!DOCTYPE html PUBLIC "-//W3C//DTD XHTML 1.0 Transitional//EN"
    "http://www.w3.org/TR/xhtml1/DTD/xhtml1-transitional.dtd">
<html xmlns="http://www.w3.org/1999/xhtml" xml:lang="en" lang="en">
 <head>
  <title>
</title>
<meta http-equiv="Content-Type" content="text/html;charset=utf-8" />
  <meta name='ocr-system' content='tesseract 3.04.00' />
  <meta name='ocr-capabilities' content='ocr_page ocr_carea ocr_par ocr_line ocrx_word'/>
</head>
<body>
  <div class='ocr_page' id='page_1' title='image "./comoediaesexexre02tereuoft_0189.png"; bbox 0 0 1875 3308; ppageno 0'>
   <div class='ocr_carea' id='block_1_1' title="bbox 657 233 966 282">
    <p class='ocr_par' dir='ltr' id='par_1_1' title="bbox 657 233 966 282">
     <span class='ocr_line' id='line_1_1' title="bbox 657 233 966 282; baseline 0.016 -5"><span class='ocrx_word' id='word_1_1' title='bbox 657 233 966 282; x_wconf 83' lang='lat' dir='ltr'><strong>ADELPH.</strong></span> 
     </span>
    </p>
   </div>
   <div class='ocr_carea' id='block_1_2' title="bbox 1373 247 1468 293">
    <p class='ocr_par' dir='ltr' id='par_1_2' title="bbox 1373 247 1468 293">
     <span class='ocr_line' id='line_1_2' title="bbox 1373 247 1468 293; baseline 0.042 -3"><span class='ocrx_word' id='word_1_2' title='bbox 1373 247 1468 293; x_wconf 87' lang='lat'>161·</span> 
     </span>
    </p>
   </div>
   <div class='ocr_carea' id='block_1_3' title="bbox 227 354 1460 422">
    <p class='ocr_par' dir='ltr' id='par_1_3' title="bbox 227 354 1460 422">
     <span class='ocr_line' id='line_1_3' title="bbox 227 354 1460 422; baseline 0.017 -20"><span class='ocrx_word' id='word_1_3' title='bbox 227 355 337 402; x_wconf 89' lang='lat' dir='ltr'><strong>Non</strong></span> <span class='ocrx_word' id='word_1_4' title='bbox 373 354 562 402; x_wconf 83' lang='lat' dir='ltr'><strong>clamas?</strong></span> <span class='ocrx_word' id='word_1_5' title='bbox 599 375 688 407; x_wconf 88' lang='lat' dir='ltr'><strong>non</strong></span> <span class='ocrx_word' id='word_1_6' title='bbox 722 362 907 409; x_wconf 85' lang='lat' dir='ltr'><strong>insanis?</strong></span> <span class='ocrx_word' id='word_1_7' title='bbox 945 358 1044 410; x_wconf 78' lang='lat' dir='ltr'><strong>Mt.</strong></span> <span class='ocrx_word' id='word_1_8' title='bbox 1076 381 1184 414; x_wconf 91' lang='lat' dir='ltr'><strong>non.</strong></span> <span class='ocrx_word' id='word_1_9' title='bbox 1222 366 1327 418; x_wconf 76' lang='lat' dir='ltr'><strong>DE.</strong></span> <span class='ocrx_word' id='word_1_10' title='bbox 1371 391 1460 422; x_wconf 80' lang='lat' dir='ltr'><strong>ma·</strong></span> 
     </span>
    </p>
   </div>
   <div class='ocr_carea' id='block_1_4' title="bbox 325 429 617 493">
    <p class='ocr_par' dir='ltr' id='par_1_4' title="bbox 325 429 617 493">
     <span class='ocr_line' id='line_1_4' title="bbox 325 429 617 493; baseline 0.021 -19"><span class='ocrx_word' id='word_1_11' title='bbox 325 429 402 475; x_wconf 88' lang='lat' dir='ltr'><strong>lim</strong></span> <span class='ocrx_word' id='word_1_12' title='bbox 424 432 617 493; x_wconf 84' lang='lat' dir='ltr'><strong>quidem.</strong></span> 
     </span>
    </p>
   </div>
   <div class='ocr_carea' id='block_1_5' title="bbox 131 505 1454 572">
    <p class='ocr_par' dir='ltr' id='par_1_5' title="bbox 131 505 1454 572">
     <span class='ocr_line' id='line_1_5' title="bbox 131 505 1454 572; baseline 0.017 -21"><span class='ocrx_word' id='word_1_13' title='bbox 131 517 190 552; x_wconf 78' lang='grc' dir='ltr'><strong>ιο</strong></span> <span class='ocrx_word' id='word_1_14' title='bbox 218 505 330 551; x_wconf 82' lang='lat' dir='ltr'><strong>Puer</strong></span> <span class='ocrx_word' id='word_1_15' title='bbox 361 517 487 552; x_wconf 85' lang='lat' dir='ltr'><strong>natus</strong></span> <span class='ocrx_word' id='word_1_16' title='bbox 519 508 594 554; x_wconf 80' lang='lat' dir='ltr'><strong>est.</strong></span> <span class='ocrx_word' id='word_1_17' title='bbox 634 507 734 558; x_wconf 90' lang='lat' dir='ltr'><strong>M1.</strong></span> <span class='ocrx_word' id='word_1_18' title='bbox 771 508 834 558; x_wconf 88' lang='lat' dir='ltr'><strong>Di</strong></span> <span class='ocrx_word' id='word_1_19' title='bbox 858 512 972 560; x_wconf 83' lang='lat' dir='ltr'><strong>bene</strong></span> <span class='ocrx_word' id='word_1_20' title='bbox 998 527 1182 565; x_wconf 84' lang='lat' dir='ltr'><strong>vortant.</strong></span> <span class='ocrx_word' id='word_1_21' title='bbox 1218 517 1329 568; x_wconf 78' lang='lat' dir='ltr'><strong>DE.</strong></span> <span class='ocrx_word' id='word_1_22' title='bbox 1366 527 1454 572; x_wconf 92' lang='lat' dir='ltr'><strong>vir·-</strong></span> 
     </span>
    </p>
   </div>
   <div class='ocr_carea' id='block_1_6' title="bbox 320 582 682 640">
    <p class='ocr_par' dir='ltr' id='par_1_6' title="bbox 320 582 682 640">
     <span class='ocr_line' id='line_1_6' title="bbox 320 582 682 640; baseline 0.014 -15"><span class='ocrx_word' id='word_1_23' title='bbox 320 596 379 640; x_wconf 87' lang='lat' dir='ltr'><strong>go</strong></span> <span class='ocrx_word' id='word_1_24' title='bbox 402 582 511 628; x_wconf 85' lang='lat' dir='ltr'><strong>nihil</strong></span> <span class='ocrx_word' id='word_1_25' title='bbox 538 584 682 632; x_wconf 84' lang='lat' dir='ltr'><strong>habet.</strong></span> 
     </span>
    </p>
   </div>
   <div class='ocr_carea' id='block_1_7' title="bbox 176 648 1448 725">
    <p class='ocr_par' dir='ltr' id='par_1_7' title="bbox 176 648 1448 725">
     <span class='ocr_line' id='line_1_7' title="bbox 176 648 1448 725; baseline 0.021 -27"><span class='ocrx_word' id='word_1_26' title='bbox 176 696 179 700; x_wconf 85' lang='grc'><em>,</em></span> <span class='ocrx_word' id='word_1_27' title='bbox 217 648 318 700; x_wconf 74' lang='lat' dir='ltr'><strong>Ml.</strong></span> <span class='ocrx_word' id='word_1_28' title='bbox 359 657 539 704; x_wconf 85' lang='lat' dir='ltr'><strong>Audiui.</strong></span> <span class='ocrx_word' id='word_1_29' title='bbox 578 657 677 707; x_wconf 80' lang='lat' dir='ltr'><strong>DE.</strong></span> <span class='ocrx_word' id='word_1_30' title='bbox 713 671 758 708; x_wconf 84' lang='lat' dir='ltr'><strong>et</strong></span> <span class='ocrx_word' id='word_1_31' title='bbox 799 661 994 712; x_wconf 88' lang='lat' dir='ltr'><strong>ducenda</strong></span> <span class='ocrx_word' id='word_1_32' title='bbox 1027 666 1297 719; x_wconf 84' lang='lat' dir='ltr'><strong>indotata’st?</strong></span> <span class='ocrx_word' id='word_1_33' title='bbox 1347 673 1448 725; x_wconf 87' lang='lat' dir='ltr'><strong>M1.</strong></span> 
     </span>
    </p>
   </div>
   <div class='ocr_carea' id='block_1_8' title="bbox 315 727 483 782">
    <p class='ocr_par' dir='ltr' id='par_1_8' title="bbox 315 727 483 782">
     <span class='ocr_line' id='line_1_8' title="bbox 315 727 483 782; baseline 0.042 -7"><span class='ocrx_word' id='word_1_34' title='bbox 315 727 483 782; x_wconf 82' lang='lat' dir='ltr'><strong>scilicet.</strong></span> 
     </span>
    </p>
   </div>
   <div class='ocr_carea' id='block_1_9' title="bbox 72 928 737 1421">
    <p class='ocr_par' dir='ltr' id='par_1_9' title="bbox 79 928 737 1094">
     <span class='ocr_line' id='line_1_9' title="bbox 132 928 737 990; baseline 0.013 -23"><span class='ocrx_word' id='word_1_35' title='bbox 132 939 159 981; x_wconf 92' lang='lat'>9</span> <span class='ocrx_word' id='word_1_36' title='bbox 187 928 288 970; x_wconf 77' lang='lat' dir='ltr'><strong>Non.</strong></span> <span class='ocrx_word' id='word_1_37' title='bbox 316 931 439 973; x_wconf 80' lang='lat' dir='ltr'><strong>malim</strong></span> <span class='ocrx_word' id='word_1_38' title='bbox 459 933 623 990; x_wconf 82' lang='lat' dir='ltr'><strong>quidem]</strong></span> <span class='ocrx_word' id='word_1_39' title='bbox 656 935 737 979; x_wconf 79' lang='lat' dir='ltr'><strong>Alii</strong></span> 
     </span>
     <span class='ocr_line' id='line_1_10' title="bbox 79 986 737 1040; baseline 0.018 -18"><span class='ocrx_word' id='word_1_40' title='bbox 79 986 215 1024; x_wconf 77' lang='lat' dir='ltr'><strong>volunt</strong></span> <span class='ocrx_word' id='word_1_41' title='bbox 233 987 451 1029; x_wconf 83' lang='lat' dir='ltr'>Micionem</span> <span class='ocrx_word' id='word_1_42' title='bbox 471 989 619 1040; x_wconf 80' lang='lat' dir='ltr'><strong>dicere,</strong></span> <span class='ocrx_word' id='word_1_43' title='bbox 647 993 737 1033; x_wconf 84' lang='lat' dir='ltr'><strong>Ma-</strong></span> 
     </span>
     <span class='ocr_line' id='line_1_11' title="bbox 79 1040 704 1094; baseline 0.016 -16"><span class='ocrx_word' id='word_1_44' title='bbox 79 1040 143 1079; x_wconf 84' lang='lat' dir='ltr'><strong>lim</strong></span> <span class='ocrx_word' id='word_1_45' title='bbox 162 1043 324 1094; x_wconf 82' lang='lat' dir='ltr'><strong>quidem:</strong></span> <span class='ocrx_word' id='word_1_46' title='bbox 344 1044 409 1083; x_wconf 82' lang='lat' dir='ltr'><strong>alii</strong></span> <span class='ocrx_word' id='word_1_47' title='bbox 419 1048 623 1088; x_wconf 80' lang='lat' dir='ltr'><strong>Demeam.</strong></span> <span class='ocrx_word' id='word_1_48' title='bbox 653 1051 704 1090; x_wconf 93' lang='lat' dir='ltr'><strong>D.</strong></span> 
     </span>
    </p>

    <p class='ocr_par' dir='ltr' id='par_1_10' title="bbox 72 1099 735 1421">
     <span class='ocr_line' id='line_1_12' title="bbox 132 1099 735 1144; baseline 0.013 -8"><span class='ocrx_word' id='word_1_49' title='bbox 132 1099 331 1138; x_wconf 76' lang='lat' dir='ltr'><strong>Bentleius</strong></span> <span class='ocrx_word' id='word_1_50' title='bbox 375 1113 463 1140; x_wconf 88' lang='lat' dir='ltr'><strong>cum</strong></span> <span class='ocrx_word' id='word_1_51' title='bbox 497 1106 646 1144; x_wconf 76' lang='lat' dir='ltr'><strong>Faerno</strong></span> <span class='ocrx_word' id='word_1_52' title='bbox 695 1115 735 1144; x_wconf 90' lang='lat' dir='ltr'><strong>et</strong></span> 
     </span>
     <span class='ocr_line' id='line_1_13' title="bbox 76 1152 733 1200; baseline 0.012 -8"><span class='ocrx_word' id='word_1_53' title='bbox 76 1152 236 1192; x_wconf 87' lang='lat' dir='ltr'><strong>Mureto</strong></span> <span class='ocrx_word' id='word_1_54' title='bbox 272 1153 411 1194; x_wconf 76' lang='lat' dir='ltr'><strong>refflns</strong></span> <span class='ocrx_word' id='word_1_55' title='bbox 449 1157 564 1197; x_wconf 81' lang='lat' dir='ltr'><strong>verba</strong></span> <span class='ocrx_word' id='word_1_56' title='bbox 595 1159 733 1200; x_wconf 81' lang='lat' dir='ltr'><em>Malim</em></span> 
     </span>
     <span class='ocr_line' id='line_1_14' title="bbox 76 1210 732 1266; baseline 0.02 -23"><span class='ocrx_word' id='word_1_57' title='bbox 76 1210 222 1259; x_wconf 82' lang='lat' dir='ltr'><strong>quidem</strong></span> <span class='ocrx_word' id='word_1_58' title='bbox 267 1211 432 1251; x_wconf 86' lang='lat' dir='ltr'>Micioni</span> <span class='ocrx_word' id='word_1_59' title='bbox 470 1226 630 1266; x_wconf 86' lang='lat' dir='ltr'><strong>quoque</strong></span> <span class='ocrx_word' id='word_1_60' title='bbox 670 1218 732 1256; x_wconf 82' lang='lat' dir='ltr'><strong>tri-</strong></span> 
     </span>
     <span class='ocr_line' id='line_1_15' title="bbox 76 1261 731 1314; baseline 0.017 -13"><span class='ocrx_word' id='word_1_61' title='bbox 76 1261 169 1303; x_wconf 77' lang='lat' dir='ltr'><strong>buit.</strong></span> <span class='ocrx_word' id='word_1_62' title='bbox 227 1267 324 1306; x_wconf 84' lang='lat' dir='ltr'><strong>Nam</strong></span> <span class='ocrx_word' id='word_1_63' title='bbox 360 1268 503 1308; x_wconf 87' lang='lat' dir='ltr'><strong>mitiori</strong></span> <span class='ocrx_word' id='word_1_64' title='bbox 545 1272 731 1314; x_wconf 85' lang='lat' dir='ltr'><strong>Micionis</strong></span> 
     </span>
     <span class='ocr_line' id='line_1_16' title="bbox 72 1320 730 1377; baseline 0.017 -20"><span class='ocrx_word' id='word_1_65' title='bbox 72 1320 240 1373; x_wconf 85' lang='lat' dir='ltr'><strong>ingenio</strong></span> <span class='ocrx_word' id='word_1_66' title='bbox 259 1324 384 1377; x_wconf 86' lang='lat' dir='ltr'><strong>magis</strong></span> <span class='ocrx_word' id='word_1_67' title='bbox 405 1326 618 1366; x_wconf 81' lang='lat' dir='ltr'><strong>conuenire</strong></span> <span class='ocrx_word' id='word_1_68' title='bbox 644 1327 730 1368; x_wconf 89' lang='lat' dir='ltr'><strong>sunt</strong></span> 
     </span>
     <span class='ocr_line' id='line_1_17' title="bbox 73 1375 437 1421; baseline 0.022 -8"><span class='ocrx_word' id='word_1_69' title='bbox 73 1375 340 1419; x_wconf 71' lang='lat' dir='ltr'><strong>existimanda.</strong></span> <span class='ocrx_word' id='word_1_70' title='bbox 396 1384 437 1421; x_wconf 94' lang='lat' dir='ltr'><strong>Z.</strong></span> 
     </span>
    </p>
   </div>
   <div class='ocr_carea' id='block_1_10' title="bbox 56 1488 731 2712">
    <p class='ocr_par' dir='ltr' id='par_1_11' title="bbox 56 1488 731 2712">
     <span class='ocr_line' id='line_1_18' title="bbox 128 1488 731 1544; baseline 0.005 -14"><span class='ocrx_word' id='word_1_71' title='bbox 128 1500 180 1530; x_wconf 89' lang='lat'><strong>10</strong></span> <span class='ocrx_word' id='word_1_72' title='bbox 207 1488 308 1529; x_wconf 81' lang='lat' dir='ltr'><strong>Puer</strong></span> <span class='ocrx_word' id='word_1_73' title='bbox 334 1504 447 1532; x_wconf 78' lang='lat' dir='ltr'><em>natus</em></span> <span class='ocrx_word' id='word_1_74' title='bbox 474 1491 529 1544; x_wconf 80' lang='lat' dir='ltr'><strong>est.</strong></span> <span class='ocrx_word' id='word_1_75' title='bbox 561 1492 618 1533; x_wconf 83' lang='lat' dir='ltr'><strong>Di</strong></span> <span class='ocrx_word' id='word_1_76' title='bbox 645 1493 731 1534; x_wconf 79' lang='lat' dir='ltr'><strong>hene</strong></span> 
     </span>
     <span class='ocr_line' id='line_1_19' title="bbox 69 1546 729 1602; baseline 0.011 -20"><span class='ocrx_word' id='word_1_77' title='bbox 69 1546 279 1600; x_wconf 71' lang='lat' dir='ltr'><strong>vortaml]</strong></span> <span class='ocrx_word' id='word_1_78' title='bbox 310 1549 383 1587; x_wconf 87' lang='lat' dir='ltr'><strong>Hic</strong></span> <span class='ocrx_word' id='word_1_79' title='bbox 410 1547 518 1588; x_wconf 90' lang='lat' dir='ltr'><strong>bono</strong></span> <span class='ocrx_word' id='word_1_80' title='bbox 547 1553 729 1602; x_wconf 83' lang='lat' dir='ltr'><strong>exemplo</strong></span> 
     </span>
     <span class='ocr_line' id='line_1_20' title="bbox 69 1599 730 1645; baseline 0.012 -8"><span class='ocrx_word' id='word_1_81' title='bbox 69 1599 268 1640; x_wconf 82' lang='lat' dir='ltr'>inducitur</span> <span class='ocrx_word' id='word_1_82' title='bbox 288 1604 410 1645; x_wconf 90' lang='lat' dir='ltr'><strong>Micio</strong></span> <span class='ocrx_word' id='word_1_83' title='bbox 429 1603 653 1645; x_wconf 84' lang='lat' dir='ltr'>irascentem</span> <span class='ocrx_word' id='word_1_84' title='bbox 673 1608 730 1645; x_wconf 89' lang='lat' dir='ltr'><strong>iu-</strong></span> 
     </span>
     <span class='ocr_line' id='line_1_21' title="bbox 67 1654 727 1712; baseline 0.011 -18"><span class='ocrx_word' id='word_1_85' title='bbox 67 1654 124 1694; x_wconf 80' lang='lat' dir='ltr'><strong>ste</strong></span> <span class='ocrx_word' id='word_1_86' title='bbox 134 1658 324 1697; x_wconf 85' lang='lat' dir='ltr'>Demeam</span> <span class='ocrx_word' id='word_1_87' title='bbox 339 1658 481 1698; x_wconf 84' lang='lat' dir='ltr'><strong>leniter</strong></span> <span class='ocrx_word' id='word_1_88' title='bbox 496 1658 618 1701; x_wconf 81' lang='lat' dir='ltr'><strong>serre:</strong></span> <span class='ocrx_word' id='word_1_89' title='bbox 637 1662 727 1712; x_wconf 86' lang='lat' dir='ltr'><strong>quia</strong></span> 
     </span>
     <span class='ocr_line' id='line_1_22' title="bbox 66 1712 724 1756; baseline 0.009 -6"><span class='ocrx_word' id='word_1_90' title='bbox 66 1712 288 1752; x_wconf 79' lang='lat' dir='ltr'><strong>exanimato</strong></span> <span class='ocrx_word' id='word_1_91' title='bbox 319 1712 369 1752; x_wconf 89' lang='lat' dir='ltr'><strong>ob</strong></span> <span class='ocrx_word' id='word_1_92' title='bbox 396 1727 615 1755; x_wconf 84' lang='lat' dir='ltr'><strong>moerorem</strong></span> <span class='ocrx_word' id='word_1_93' title='bbox 641 1731 724 1756; x_wconf 88' lang='lat' dir='ltr'><strong>non</strong></span> 
     </span>
     <span class='ocr_line' id='line_1_23' title="bbox 66 1769 727 1811; baseline 0.011 -7"><span class='ocrx_word' id='word_1_94' title='bbox 66 1769 257 1807; x_wconf 85' lang='lat' dir='ltr'><strong>conuenit</strong></span> <span class='ocrx_word' id='word_1_95' title='bbox 287 1770 548 1810; x_wconf 84' lang='lat' dir='ltr'><strong>inclementer</strong></span> <span class='ocrx_word' id='word_1_96' title='bbox 573 1773 631 1810; x_wconf 84' lang='lat' dir='ltr'><strong>ire</strong></span> <span class='ocrx_word' id='word_1_97' title='bbox 660 1773 727 1811; x_wconf 88' lang='lat' dir='ltr'><strong>ob-</strong></span> 
     </span>
     <span class='ocr_line' id='line_1_24' title="bbox 65 1823 725 1880; baseline 0.012 -20"><span class='ocrx_word' id='word_1_98' title='bbox 65 1823 182 1872; x_wconf 88' lang='lat' dir='ltr'><strong>uiam,</strong></span> <span class='ocrx_word' id='word_1_99' title='bbox 199 1837 321 1875; x_wconf 88' lang='lat' dir='ltr'><strong>quum</strong></span> <span class='ocrx_word' id='word_1_100' title='bbox 343 1826 452 1877; x_wconf 83' lang='lat' dir='ltr'><strong>poffit</strong></span> <span class='ocrx_word' id='word_1_101' title='bbox 477 1828 518 1866; x_wconf 86' lang='lat' dir='ltr'><strong>in</strong></span> <span class='ocrx_word' id='word_1_102' title='bbox 545 1838 725 1880; x_wconf 85' lang='lat' dir='ltr'><strong>tempore</strong></span> 
     </span>
     <span class='ocr_line' id='line_1_25' title="bbox 66 1877 723 1934; baseline 0.012 -18"><span class='ocrx_word' id='word_1_103' title='bbox 66 1877 284 1931; x_wconf 85' lang='lat' dir='ltr'><strong>obiurgari,</strong></span> <span class='ocrx_word' id='word_1_104' title='bbox 314 1881 513 1934; x_wconf 88' lang='lat' dir='ltr'><strong>postquam</strong></span> <span class='ocrx_word' id='word_1_105' title='bbox 539 1882 723 1924; x_wconf 88' lang='lat' dir='ltr'><strong>destoma-</strong></span> 
     </span>
     <span class='ocr_line' id='line_1_26' title="bbox 66 1932 724 1991; baseline 0.012 -19"><span class='ocrx_word' id='word_1_106' title='bbox 66 1932 204 1973; x_wconf 76' lang='lat' dir='ltr'><strong>charus</strong></span> <span class='ocrx_word' id='word_1_107' title='bbox 231 1934 363 1976; x_wconf 85' lang='lat' dir='ltr'><strong>fuerit.</strong></span> <span class='ocrx_word' id='word_1_108' title='bbox 420 1941 469 1978; x_wconf 87' lang='lat' dir='ltr'><strong>Et</strong></span> <span class='ocrx_word' id='word_1_109' title='bbox 489 1938 580 1977; x_wconf 80' lang='lat' dir='ltr'><strong>vide</strong></span> <span class='ocrx_word' id='word_1_110' title='bbox 607 1952 724 1991; x_wconf 89' lang='lat' dir='ltr'><strong>quam</strong></span> 
     </span>
     <span class='ocr_line' id='line_1_27' title="bbox 64 1986 723 2042; baseline 0.014 -15"><span class='ocrx_word' id='word_1_111' title='bbox 64 1986 212 2030; x_wconf 76' lang='lat' dir='ltr'><strong>facete:</strong></span> <span class='ocrx_word' id='word_1_112' title='bbox 237 2004 358 2042; x_wconf 85' lang='lat' dir='ltr'><strong>quum</strong></span> <span class='ocrx_word' id='word_1_113' title='bbox 378 1992 464 2039; x_wconf 87' lang='lat' dir='ltr'><strong>ille,</strong></span> <span class='ocrx_word' id='word_1_114' title='bbox 494 1993 596 2033; x_wconf 84' lang='lat' dir='ltr'><strong>Puer</strong></span> <span class='ocrx_word' id='word_1_115' title='bbox 611 2008 723 2036; x_wconf 80' lang='lat' dir='ltr'><strong>natus</strong></span> 
     </span>
     <span class='ocr_line' id='line_1_28' title="bbox 63 2043 721 2099; baseline 0.014 -17"><span class='ocrx_word' id='word_1_116' title='bbox 63 2043 124 2095; x_wconf 81' lang='lat' dir='ltr'><strong>est,</strong></span> <span class='ocrx_word' id='word_1_117' title='bbox 149 2044 196 2083; x_wconf 82' lang='lat' dir='ltr'><strong>ad</strong></span> <span class='ocrx_word' id='word_1_118' title='bbox 222 2058 495 2099; x_wconf 85' lang='lat' dir='ltr'><strong>argumentum</strong></span> <span class='ocrx_word' id='word_1_119' title='bbox 516 2051 605 2089; x_wconf 88' lang='lat' dir='ltr'><strong>mali</strong></span> <span class='ocrx_word' id='word_1_120' title='bbox 623 2062 721 2091; x_wconf 88' lang='lat' dir='ltr'><strong>attu-</strong></span> 
     </span>
     <span class='ocr_line' id='line_1_29' title="bbox 64 2099 720 2158; baseline 0.012 -19"><span class='ocrx_word' id='word_1_121' title='bbox 64 2101 169 2140; x_wconf 84' lang='lat' dir='ltr'><strong>lerit:</strong></span> <span class='ocrx_word' id='word_1_122' title='bbox 200 2099 262 2141; x_wconf 82' lang='lat' dir='ltr'><strong>hic</strong></span> <span class='ocrx_word' id='word_1_123' title='bbox 280 2103 330 2141; x_wconf 87' lang='lat' dir='ltr'><strong>ita</strong></span> <span class='ocrx_word' id='word_1_124' title='bbox 351 2101 562 2156; x_wconf 86' lang='lat' dir='ltr'><strong>respondit,</strong></span> <span class='ocrx_word' id='word_1_125' title='bbox 581 2119 720 2158; x_wconf 89' lang='lat' dir='ltr'><strong>quem-</strong></span> 
     </span>
     <span class='ocr_line' id='line_1_30' title="bbox 62 2155 720 2214; baseline 0.012 -19"><span class='ocrx_word' id='word_1_126' title='bbox 62 2155 276 2196; x_wconf 80' lang='lat' dir='ltr'><strong>admodum</strong></span> <span class='ocrx_word' id='word_1_127' title='bbox 303 2155 427 2198; x_wconf 85' lang='lat' dir='ltr'><strong>solent</strong></span> <span class='ocrx_word' id='word_1_128' title='bbox 459 2161 536 2210; x_wconf 86' lang='lat' dir='ltr'><strong>illi,</strong></span> <span class='ocrx_word' id='word_1_129' title='bbox 581 2163 720 2214; x_wconf 70' lang='lat' dir='ltr'><strong>quibus</strong></span> 
     </span>
     <span class='ocr_line' id='line_1_31' title="bbox 62 2212 718 2266; baseline 0.014 -17"><span class='ocrx_word' id='word_1_130' title='bbox 62 2212 236 2263; x_wconf 77' lang='lat' dir='ltr'><strong>puellam</strong></span> <span class='ocrx_word' id='word_1_131' title='bbox 287 2212 388 2253; x_wconf 87' lang='lat' dir='ltr'><strong>nasci</strong></span> <span class='ocrx_word' id='word_1_132' title='bbox 442 2219 718 2266; x_wconf 87' lang='lat' dir='ltr'><strong>metuentibus,</strong></span> 
     </span>
     <span class='ocr_line' id='line_1_32' title="bbox 61 2268 715 2319; baseline 0.012 -12"><span class='ocrx_word' id='word_1_133' title='bbox 61 2268 268 2307; x_wconf 80' lang='lat' dir='ltr'><strong>nunciatur</strong></span> <span class='ocrx_word' id='word_1_134' title='bbox 287 2281 448 2319; x_wconf 87' lang='lat' dir='ltr'><strong>puerum</strong></span> <span class='ocrx_word' id='word_1_135' title='bbox 469 2282 601 2313; x_wconf 81' lang='lat' dir='ltr'><strong>natum</strong></span> <span class='ocrx_word' id='word_1_136' title='bbox 627 2273 715 2315; x_wconf 79' lang='lat' dir='ltr'><strong>effe.</strong></span> 
     </span>
     <span class='ocr_line' id='line_1_33' title="bbox 60 2323 717 2380; baseline 0.009 -17"><span class='ocrx_word' id='word_1_137' title='bbox 60 2323 162 2363; x_wconf 79' lang='lat' dir='ltr'><strong>Nam</strong></span> <span class='ocrx_word' id='word_1_138' title='bbox 192 2324 232 2362; x_wconf 87' lang='lat' dir='ltr'><strong>in</strong></span> <span class='ocrx_word' id='word_1_139' title='bbox 258 2325 438 2366; x_wconf 82' lang='lat' dir='ltr'><strong>omnibus</strong></span> <span class='ocrx_word' id='word_1_140' title='bbox 463 2341 565 2380; x_wconf 81' lang='lat' dir='ltr'><strong>quae</strong></span> <span class='ocrx_word' id='word_1_141' title='bbox 587 2332 717 2380; x_wconf 83' lang='lat' dir='ltr'><strong>cupite</strong></span> 
     </span>
     <span class='ocr_line' id='line_1_34' title="bbox 61 2380 714 2438; baseline 0.012 -22"><span class='ocrx_word' id='word_1_142' title='bbox 61 2380 244 2417; x_wconf 77' lang='lat' dir='ltr'><strong>venerint</strong></span> <span class='ocrx_word' id='word_1_143' title='bbox 287 2384 438 2434; x_wconf 77' lang='lat' dir='ltr'><strong>(cupita</strong></span> <span class='ocrx_word' id='word_1_144' title='bbox 484 2389 672 2424; x_wconf 77' lang='lat' dir='ltr'><strong>euenerint</strong></span> <span class='ocrx_word' id='word_1_145' title='bbox 682 2389 714 2438; x_wconf 82' lang='lat'><strong>),</strong></span> 
     </span>
     <span class='ocr_line' id='line_1_35' title="bbox 57 2434 712 2486; baseline 0.011 -12"><span class='ocrx_word' id='word_1_146' title='bbox 57 2434 130 2474; x_wconf 80' lang='lat' dir='ltr'><strong>Dii</strong></span> <span class='ocrx_word' id='word_1_147' title='bbox 161 2435 249 2473; x_wconf 78' lang='lat' dir='ltr'><strong>bene</strong></span> <span class='ocrx_word' id='word_1_148' title='bbox 281 2449 445 2486; x_wconf 77' lang='lat' dir='ltr'><strong>vertant,</strong></span> <span class='ocrx_word' id='word_1_149' title='bbox 489 2440 564 2478; x_wconf 86' lang='lat' dir='ltr'><strong>dici</strong></span> <span class='ocrx_word' id='word_1_150' title='bbox 600 2440 712 2481; x_wconf 91' lang='lat' dir='ltr'><strong>solet:</strong></span> 
     </span>
     <span class='ocr_line' id='line_1_36' title="bbox 57 2488 713 2547; baseline 0.014 -20"><span class='ocrx_word' id='word_1_151' title='bbox 57 2490 152 2541; x_wconf 80' lang='lat' dir='ltr'><strong>quia</strong></span> <span class='ocrx_word' id='word_1_152' title='bbox 170 2488 283 2542; x_wconf 74' lang='lat' dir='ltr'><strong>saepe</strong></span> <span class='ocrx_word' id='word_1_153' title='bbox 300 2490 472 2533; x_wconf 81' lang='lat' dir='ltr'><strong>homines</strong></span> <span class='ocrx_word' id='word_1_154' title='bbox 489 2507 535 2534; x_wconf 82' lang='lat' dir='ltr'><strong>ea</strong></span> <span class='ocrx_word' id='word_1_155' title='bbox 553 2508 713 2547; x_wconf 78' lang='lat' dir='ltr'><strong>optaue-</strong></span> 
     </span>
     <span class='ocr_line' id='line_1_37' title="bbox 57 2549 714 2603; baseline 0.011 -18"><span class='ocrx_word' id='word_1_156' title='bbox 57 2557 161 2594; x_wconf 78' lang='lat' dir='ltr'><strong>runt,</strong></span> <span class='ocrx_word' id='word_1_157' title='bbox 189 2553 288 2597; x_wconf 80' lang='lat' dir='ltr'><strong>qua‘e</strong></span> <span class='ocrx_word' id='word_1_158' title='bbox 311 2549 393 2586; x_wconf 87' lang='lat' dir='ltr'><strong>aliis</strong></span> <span class='ocrx_word' id='word_1_159' title='bbox 412 2549 523 2603; x_wconf 73' lang='lat' dir='ltr'><strong>(illis)</strong></span> <span class='ocrx_word' id='word_1_160' title='bbox 543 2552 653 2591; x_wconf 80' lang='lat' dir='ltr'><strong>aliter</strong></span> <span class='ocrx_word' id='word_1_161' title='bbox 664 2564 714 2591; x_wconf 85' lang='lat' dir='ltr'><strong>at—</strong></span> 
     </span>
     <span class='ocr_line' id='line_1_38' title="bbox 56 2601 714 2662; baseline 0.012 -23"><span class='ocrx_word' id='word_1_162' title='bbox 56 2613 137 2652; x_wconf 84' lang='lat' dir='ltr'><strong>que</strong></span> <span class='ocrx_word' id='word_1_163' title='bbox 164 2601 498 2654; x_wconf 55' lang='lat' dir='ltr'><strong>exspet‘iauerunt,</strong></span> <span class='ocrx_word' id='word_1_164' title='bbox 534 2604 714 2662; x_wconf 84' lang='lat' dir='ltr'><strong>contigis-</strong></span> 
     </span>
     <span class='ocr_line' id='line_1_39' title="bbox 58 2654 712 2712; baseline 0.014 -18"><span class='ocrx_word' id='word_1_165' title='bbox 58 2654 156 2695; x_wconf 87' lang='lat' dir='ltr'><strong>sent.</strong></span> <span class='ocrx_word' id='word_1_166' title='bbox 215 2661 343 2708; x_wconf 80' lang='lat' dir='ltr'><strong>Quam</strong></span> <span class='ocrx_word' id='word_1_167' title='bbox 383 2661 613 2712; x_wconf 69' lang='lat' dir='ltr'><strong>potestatem</strong></span> <span class='ocrx_word' id='word_1_168' title='bbox 655 2678 712 2704; x_wconf 78' lang='lat' dir='ltr'><strong>re·</strong></span> 
     </span>
    </p>
   </div>
   <div class='ocr_carea' id='block_1_11' title="bbox 1344 830 1448 877">
    <p class='ocr_par' dir='ltr' id='par_1_12' title="bbox 1344 830 1448 877">
     <span class='ocr_line' id='line_1_40' title="bbox 1344 830 1448 877; baseline 0.038 -5"><span class='ocrx_word' id='word_1_169' title='bbox 1344 830 1448 877; x_wconf 66' lang='lat' dir='ltr'><strong>DE.</strong></span> 
     </span>
    </p>
   </div>
   <div class='ocr_carea' id='block_1_12' title="bbox 780 945 1447 1429">
    <p class='ocr_par' dir='ltr' id='par_1_13' title="bbox 780 945 1447 1429">
     <span class='ocr_line' id='line_1_41' title="bbox 787 945 1445 992; baseline 0.021 -15"><span class='ocrx_word' id='word_1_170' title='bbox 787 951 864 990; x_wconf 88' lang='lat' dir='ltr'><strong>que</strong></span> <span class='ocrx_word' id='word_1_171' title='bbox 882 951 1045 992; x_wconf 83' lang='lat' dir='ltr'><strong>partem,</strong></span> <span class='ocrx_word' id='word_1_172' title='bbox 1065 945 1281 986; x_wconf 86' lang='lat' dir='ltr'><strong>Vertumno</strong></span> <span class='ocrx_word' id='word_1_173' title='bbox 1291 950 1378 990; x_wconf 86' lang='lat' dir='ltr'><strong>Deo</strong></span> <span class='ocrx_word' id='word_1_174' title='bbox 1389 949 1445 991; x_wconf 86' lang='lat' dir='ltr'><strong>su-</strong></span> 
     </span>
     <span class='ocr_line' id='line_1_42' title="bbox 784 994 1444 1053; baseline 0.023 -20"><span class='ocrx_word' id='word_1_175' title='bbox 784 994 935 1047; x_wconf 69' lang='lat' dir='ltr'><strong>peresse</strong></span> <span class='ocrx_word' id='word_1_176' title='bbox 969 1001 986 1049; x_wconf 90' lang='lat'>(</span> <span class='ocrx_word' id='word_1_177' title='bbox 985 998 1125 1052; x_wconf 70' lang='lat' dir='ltr'><strong>fi1l1⁶ffe</strong></span> <span class='ocrx_word' id='word_1_178' title='bbox 1165 1005 1250 1053; x_wconf 86' lang='lat' dir='ltr'><strong>Z.),</strong></span> <span class='ocrx_word' id='word_1_179' title='bbox 1292 1017 1444 1048; x_wconf 76' lang='lat' dir='ltr'><strong>veteres</strong></span> 
     </span>
     <span class='ocr_line' id='line_1_43' title="bbox 783 1050 1447 1115; baseline 0.023 -27"><span class='ocrx_word' id='word_1_180' title='bbox 783 1050 1113 1096; x_wconf 82' lang='lat' dir='ltr'><strong>existimauerunt.</strong></span> <span class='ocrx_word' id='word_1_181' title='bbox 1193 1059 1312 1115; x_wconf 81' lang='lat' dir='ltr'><strong>Virgo</strong></span> <span class='ocrx_word' id='word_1_182' title='bbox 1346 1064 1447 1104; x_wconf 85' lang='lat' dir='ltr'><strong>nihil</strong></span> 
     </span>
     <span class='ocr_line' id='line_1_44' title="bbox 783 1105 1440 1163; baseline 0.021 -18"><span class='ocrx_word' id='word_1_183' title='bbox 783 1105 910 1163; x_wconf 82' lang='lat' dir='ltr'><strong>habet]</strong></span> <span class='ocrx_word' id='word_1_184' title='bbox 941 1112 1037 1151; x_wconf 90' lang='lat' dir='ltr'><strong>Vult</strong></span> <span class='ocrx_word' id='word_1_185' title='bbox 1053 1125 1136 1152; x_wconf 86' lang='lat' dir='ltr'><strong>rem</strong></span> <span class='ocrx_word' id='word_1_186' title='bbox 1166 1113 1246 1154; x_wconf 80' lang='lat' dir='ltr'><strong>fine</strong></span> <span class='ocrx_word' id='word_1_187' title='bbox 1265 1119 1440 1159; x_wconf 88' lang='lat' dir='ltr'><strong>remedio</strong></span> 
     </span>
     <span class='ocr_line' id='line_1_45' title="bbox 782 1163 1442 1227; baseline 0.024 -27"><span class='ocrx_word' id='word_1_188' title='bbox 782 1163 927 1202; x_wconf 80' lang='lat' dir='ltr'><strong>videri:</strong></span> <span class='ocrx_word' id='word_1_189' title='bbox 957 1168 1048 1216; x_wconf 86' lang='lat' dir='ltr'><strong>quia</strong></span> <span class='ocrx_word' id='word_1_190' title='bbox 1075 1167 1143 1208; x_wconf 86' lang='lat' dir='ltr'><strong>scit</strong></span> <span class='ocrx_word' id='word_1_191' title='bbox 1167 1170 1274 1221; x_wconf 80' lang='lat' dir='ltr'><strong>poffe</strong></span> <span class='ocrx_word' id='word_1_192' title='bbox 1293 1178 1442 1227; x_wconf 82' lang='lat' dir='ltr'><strong>nuptiis</strong></span> 
     </span>
     <span class='ocr_line' id='line_1_46' title="bbox 781 1217 1440 1273; baseline 0.024 -16"><span class='ocrx_word' id='word_1_193' title='bbox 781 1217 882 1258; x_wconf 81' lang='lat' dir='ltr'><strong>finiri</strong></span> <span class='ocrx_word' id='word_1_194' title='bbox 916 1218 1209 1265; x_wconf 83' lang='lat' dir='ltr'><strong>solicitudinem.</strong></span> <span class='ocrx_word' id='word_1_195' title='bbox 1268 1232 1318 1270; x_wconf 85' lang='lat' dir='ltr'><strong>Et</strong></span> <span class='ocrx_word' id='word_1_196' title='bbox 1351 1232 1440 1273; x_wconf 71' lang='lat' dir='ltr'><strong>vide</strong></span> 
     </span>
     <span class='ocr_line' id='line_1_47' title="bbox 780 1277 1439 1327; baseline 0.021 -14"><span class='ocrx_word' id='word_1_197' title='bbox 780 1277 1078 1318; x_wconf 84' lang='lat' dir='ltr'><strong>amaritudinem</strong></span> <span class='ocrx_word' id='word_1_198' title='bbox 1104 1283 1280 1323; x_wconf 87' lang='lat' dir='ltr'><strong>Demeae</strong></span> <span class='ocrx_word' id='word_1_199' title='bbox 1307 1299 1439 1327; x_wconf 85' lang='lat' dir='ltr'><strong>contra</strong></span> 
     </span>
     <span class='ocr_line' id='line_1_48' title="bbox 780 1338 1439 1395; baseline 0.023 -26"><span class='ocrx_word' id='word_1_200' title='bbox 780 1344 926 1381; x_wconf 76' lang='lat' dir='ltr'><strong>omneS‚</strong></span> <span class='ocrx_word' id='word_1_201' title='bbox 954 1345 993 1374; x_wconf 79' lang='lat' dir='ltr'><strong>vt</strong></span> <span class='ocrx_word' id='word_1_202' title='bbox 1013 1347 1088 1375; x_wconf 87' lang='lat' dir='ltr'><strong>nec</strong></span> <span class='ocrx_word' id='word_1_203' title='bbox 1108 1338 1249 1392; x_wconf 83' lang='lat' dir='ltr'><strong>virgini</strong></span> <span class='ocrx_word' id='word_1_204' title='bbox 1266 1341 1336 1393; x_wconf 87' lang='lat' dir='ltr'><strong>ipli</strong></span> <span class='ocrx_word' id='word_1_205' title='bbox 1354 1358 1439 1395; x_wconf 86' lang='lat' dir='ltr'><strong>par-</strong></span> 
     </span>
     <span class='ocr_line' id='line_1_49' title="bbox 783 1391 962 1429; baseline 0.028 -5"><span class='ocrx_word' id='word_1_206' title='bbox 783 1398 855 1427; x_wconf 80' lang='lat' dir='ltr'><strong>cat.</strong></span> <span class='ocrx_word' id='word_1_207' title='bbox 914 1391 962 1429; x_wconf 90' lang='lat' dir='ltr'><strong>D.</strong></span> 
     </span>
    </p>
   </div>
   <div class='ocr_carea' id='block_1_13' title="bbox 768 1501 1437 1996">
    <p class='ocr_par' dir='ltr' id='par_1_14' title="bbox 768 1501 1437 1996">
     <span class='ocr_line' id='line_1_50' title="bbox 840 1501 1437 1558; baseline 0.027 -21"><span class='ocrx_word' id='word_1_208' title='bbox 840 1509 886 1541; x_wconf 90' lang='lat'><strong>11</strong></span> <span class='ocrx_word' id='word_1_209' title='bbox 920 1501 1077 1558; x_wconf 77' lang='lat' dir='ltr'><strong>Audiui]</strong></span> <span class='ocrx_word' id='word_1_210' title='bbox 1097 1506 1250 1551; x_wconf 52' lang='grc' dir='ltr'><strong>,Α’φελῶς</strong></span> <span class='ocrx_word' id='word_1_211' title='bbox 1279 1519 1320 1549; x_wconf 90' lang='lat' dir='ltr'><strong>et</strong></span> <span class='ocrx_word' id='word_1_212' title='bbox 1349 1524 1437 1553; x_wconf 87' lang='lat' dir='ltr'><strong>cum</strong></span> 
     </span>
     <span class='ocr_line' id='line_1_51' title="bbox 779 1558 1435 1620; baseline 0.029 -30"><span class='ocrx_word' id='word_1_213' title='bbox 779 1558 970 1602; x_wconf 66' lang='grc' dir='ltr'><strong><em>ὀξυοενισμῷ</em></strong></span> <span class='ocrx_word' id='word_1_214' title='bbox 990 1558 1318 1613; x_wconf 82' lang='lat' dir='ltr'><strong>respondendum,</strong></span> <span class='ocrx_word' id='word_1_215' title='bbox 1330 1569 1435 1620; x_wconf 75' lang='lat' dir='ltr'><strong>quast</strong></span> 
     </span>
     <span class='ocr_line' id='line_1_52' title="bbox 777 1610 1434 1664; baseline 0.027 -18"><span class='ocrx_word' id='word_1_216' title='bbox 777 1610 1326 1663; x_wconf 81' lang='lat' dir='ltr'><strong>leuefit,quodadmiffums1t.</strong></span> <span class='ocrx_word' id='word_1_217' title='bbox 1382 1625 1434 1664; x_wconf 78' lang='lat' dir='ltr'><strong>Et</strong></span> 
     </span>
     <span class='ocr_line' id='line_1_53' title="bbox 777 1666 1434 1728; baseline 0.027 -26"><span class='ocrx_word' id='word_1_218' title='bbox 777 1666 938 1705; x_wconf 78' lang='lat' dir='ltr'><strong>ducenda</strong></span> <span class='ocrx_word' id='word_1_219' title='bbox 955 1670 1126 1710; x_wconf 77' lang='lat' dir='ltr'><strong>indotata</strong></span> <span class='ocrx_word' id='word_1_220' title='bbox 1146 1673 1210 1728; x_wconf 75' lang='lat' dir='ltr'><strong>est]</strong></span> <span class='ocrx_word' id='word_1_221' title='bbox 1238 1679 1434 1720; x_wconf 84' lang='lat' dir='ltr'><strong>Ducenda</strong></span> 
     </span>
     <span class='ocr_line' id='line_1_54' title="bbox 775 1718 1437 1776; baseline 0.027 -18"><span class='ocrx_word' id='word_1_222' title='bbox 775 1718 925 1771; x_wconf 86' lang='lat' dir='ltr'><strong>scilicet,</strong></span> <span class='ocrx_word' id='word_1_223' title='bbox 946 1724 1015 1764; x_wconf 83' lang='lat' dir='ltr'><strong>nili</strong></span> <span class='ocrx_word' id='word_1_224' title='bbox 1038 1725 1281 1770; x_wconf 80' lang='lat' dir='ltr'><strong>damnandus</strong></span> <span class='ocrx_word' id='word_1_225' title='bbox 1298 1732 1342 1771; x_wconf 78' lang='lat' dir='ltr'><strong>fit</strong></span> <span class='ocrx_word' id='word_1_226' title='bbox 1358 1740 1437 1776; x_wconf 83' lang='lat' dir='ltr'><strong>Ae-</strong></span> 
     </span>
     <span class='ocr_line' id='line_1_55' title="bbox 774 1774 1434 1832; baseline 0.027 -18"><span class='ocrx_word' id='word_1_227' title='bbox 774 1774 937 1821; x_wconf 84' lang='lat' dir='ltr'><strong>schinus.</strong></span> <span class='ocrx_word' id='word_1_228' title='bbox 971 1780 1269 1826; x_wconf 83' lang='lat' dir='ltr'><strong>ethocverbum</strong></span> <span class='ocrx_word' id='word_1_229' title='bbox 1299 1790 1434 1832; x_wconf 88' lang='lat' dir='ltr'><strong>neces·</strong></span> 
     </span>
     <span class='ocr_line' id='line_1_56' title="bbox 773 1831 1429 1895; baseline 0.026 -25"><span class='ocrx_word' id='word_1_230' title='bbox 773 1831 887 1872; x_wconf 69' lang='lat' dir='ltr'><strong>litatis</strong></span> <span class='ocrx_word' id='word_1_231' title='bbox 911 1837 985 1875; x_wconf 82' lang='lat' dir='ltr'><strong>vim</strong></span> <span class='ocrx_word' id='word_1_232' title='bbox 1008 1836 1144 1879; x_wconf 83' lang='lat' dir='ltr'><strong>habet:</strong></span> <span class='ocrx_word' id='word_1_233' title='bbox 1172 1851 1211 1879; x_wconf 78' lang='lat' dir='ltr'><strong>vt</strong></span> <span class='ocrx_word' id='word_1_234' title='bbox 1230 1846 1352 1894; x_wconf 85' lang='lat' dir='ltr'><strong>(Aen.</strong></span> <span class='ocrx_word' id='word_1_235' title='bbox 1374 1861 1429 1895; x_wconf 62' lang='grc' dir='ltr'><strong>Χῖ,</strong></span> 
     </span>
     <span class='ocr_line' id='line_1_57' title="bbox 772 1892 1430 1960; baseline 0.023 -32"><span class='ocrx_word' id='word_1_236' title='bbox 772 1892 908 1941; x_wconf 87' lang='lat'><strong>230.),</strong></span> <span class='ocrx_word' id='word_1_237' title='bbox 939 1894 1071 1933; x_wconf 83' lang='lat' dir='ltr'><strong>Pacem</strong></span> <span class='ocrx_word' id='word_1_238' title='bbox 1090 1895 1252 1937; x_wconf 81' lang='lat' dir='ltr'><strong>Troiano</strong></span> <span class='ocrx_word' id='word_1_239' title='bbox 1275 1900 1323 1939; x_wconf 87' lang='lat' dir='ltr'><strong>ab</strong></span> <span class='ocrx_word' id='word_1_240' title='bbox 1344 1917 1430 1960; x_wconf 78' lang='lat' dir='ltr'><strong>rege</strong></span> 
     </span>
     <span class='ocr_line' id='line_1_58' title="bbox 768 1946 1078 1996; baseline 0.029 -14"><span class='ocrx_word' id='word_1_241' title='bbox 768 1946 974 1996; x_wconf 81' lang='lat' dir='ltr'><strong>petendum.</strong></span> <span class='ocrx_word' id='word_1_242' title='bbox 1028 1951 1078 1991; x_wconf 92' lang='lat' dir='ltr'><strong>D.</strong></span> 
     </span>
    </p>
   </div>
   <div class='ocr_carea' id='block_1_14' title="bbox 762 2055 1426 2617">
    <p class='ocr_par' dir='ltr' id='par_1_15' title="bbox 762 2055 1426 2617">
     <span class='ocr_line' id='line_1_59' title="bbox 823 2055 1425 2123; baseline 0.023 -27"><span class='ocrx_word' id='word_1_243' title='bbox 823 2055 1007 2099; x_wconf 85' lang='lat' dir='ltr'><strong>Ducenda</strong></span> <span class='ocrx_word' id='word_1_244' title='bbox 1029 2063 1280 2121; x_wconf 58' lang='lat' dir='ltr'><strong>‘indotatam</strong></span> <span class='ocrx_word' id='word_1_245' title='bbox 1315 2070 1425 2123; x_wconf 85' lang='lat' dir='ltr'><strong>Lege</strong></span> 
     </span>
     <span class='ocr_line' id='line_1_60' title="bbox 770 2114 1426 2171; baseline 0.018 -19"><span class='ocrx_word' id='word_1_246' title='bbox 770 2114 916 2161; x_wconf 83' lang='lat' dir='ltr'><strong>Attica,</strong></span> <span class='ocrx_word' id='word_1_247' title='bbox 949 2115 973 2154; x_wconf 84' lang='lat' dir='ltr'>fi</span> <span class='ocrx_word' id='word_1_248' title='bbox 994 2119 1077 2168; x_wconf 86' lang='lat' dir='ltr'><strong>quis</strong></span> <span class='ocrx_word' id='word_1_249' title='bbox 1106 2121 1275 2171; x_wconf 85' lang='lat' dir='ltr'><strong>puellam</strong></span> <span class='ocrx_word' id='word_1_250' title='bbox 1300 2123 1426 2164; x_wconf 80' lang='lat' dir='ltr'><strong>denir-</strong></span> 
     </span>
     <span class='ocr_line' id='line_1_61' title="bbox 769 2167 1422 2230; baseline 0.02 -24"><span class='ocrx_word' id='word_1_251' title='bbox 769 2167 944 2221; x_wconf 83' lang='lat' dir='ltr'><strong>ginasset,</strong></span> <span class='ocrx_word' id='word_1_252' title='bbox 971 2174 1055 2211; x_wconf 81' lang='lat' dir='ltr'><strong>eius</strong></span> <span class='ocrx_word' id='word_1_253' title='bbox 1086 2174 1230 2221; x_wconf 69' lang='grc' dir='ltr'><strong>ιῗγάμον</strong></span> <span class='ocrx_word' id='word_1_254' title='bbox 1263 2178 1422 2230; x_wconf 63' lang='grc' dir='ltr'><strong><em>ἄπροικον,</em></strong></span> 
     </span>
     <span class='ocr_line' id='line_1_62' title="bbox 768 2224 1420 2286; baseline 0.026 -26"><span class='ocrx_word' id='word_1_255' title='bbox 768 2224 790 2267; x_wconf 63' lang='lat'><strong>2¹1¹</strong></span> <span class='ocrx_word' id='word_1_256' title='bbox 831 2229 975 2264; x_wconf 49' lang='grc' dir='ltr'><strong>θάνατον</strong></span> <span class='ocrx_word' id='word_1_257' title='bbox 1015 2230 1165 2281; x_wconf 79' lang='lat' dir='ltr'><strong>eligere</strong></span> <span class='ocrx_word' id='word_1_258' title='bbox 1201 2237 1420 2286; x_wconf 81' lang='lat' dir='ltr'><strong>cogebatur.</strong></span> 
     </span>
     <span class='ocr_line' id='line_1_63' title="bbox 766 2283 1419 2345; baseline 0.018 -25"><span class='ocrx_word' id='word_1_259' title='bbox 766 2283 917 2332; x_wconf 78' lang='lat' dir='ltr'><strong>Syrian.</strong></span> <span class='ocrx_word' id='word_1_260' title='bbox 946 2285 1075 2335; x_wconf 85' lang='lat' dir='ltr'><strong>Sopat.</strong></span> <span class='ocrx_word' id='word_1_261' title='bbox 1107 2287 1148 2324; x_wconf 83' lang='lat' dir='ltr'><strong>in</strong></span> <span class='ocrx_word' id='word_1_262' title='bbox 1176 2289 1419 2345; x_wconf 81' lang='lat' dir='ltr'><strong>Hermogen.</strong></span> 
     </span>
     <span class='ocr_line' id='line_1_64' title="bbox 765 2337 1420 2391; baseline 0.026 -20"><span class='ocrx_word' id='word_1_263' title='bbox 765 2337 886 2375; x_wconf 86' lang='lat' dir='ltr'><strong>Plaut.</strong></span> <span class='ocrx_word' id='word_1_264' title='bbox 908 2339 1034 2378; x_wconf 78' lang='lat' dir='ltr'><strong>Aulul.</strong></span> <span class='ocrx_word' id='word_1_265' title='bbox 1063 2353 1125 2389; x_wconf 79' lang='lat' dir='ltr'><strong>lv,</strong></span> <span class='ocrx_word' id='word_1_266' title='bbox 1160 2354 1229 2391; x_wconf 86' lang='lat'><strong>10,</strong></span> <span class='ocrx_word' id='word_1_267' title='bbox 1266 2350 1331 2388; x_wconf 81' lang='lat'><strong>62.</strong></span> <span class='ocrx_word' id='word_1_268' title='bbox 1379 2349 1420 2387; x_wconf 68' lang='lat' dir='ltr'><strong>Si</strong></span> 
     </span>
     <span class='ocr_line' id='line_1_65' title="bbox 766 2393 1419 2456; baseline 0.026 -29"><span class='ocrx_word' id='word_1_269' title='bbox 766 2393 856 2442; x_wconf 83' lang='lat' dir='ltr'><strong>quid</strong></span> <span class='ocrx_word' id='word_1_270' title='bbox 877 2406 940 2446; x_wconf 77' lang='lat' dir='ltr'><strong>ego</strong></span> <span class='ocrx_word' id='word_1_271' title='bbox 960 2409 1045 2448; x_wconf 82' lang='lat' dir='ltr'><strong>erga</strong></span> <span class='ocrx_word' id='word_1_272' title='bbox 1067 2409 1103 2434; x_wconf 84' lang='lat' dir='ltr'><strong>te</strong></span> <span class='ocrx_word' id='word_1_273' title='bbox 1114 2400 1327 2450; x_wconf 76' lang='lat' dir='ltr'><strong>imprudens</strong></span> <span class='ocrx_word' id='word_1_274' title='bbox 1340 2415 1419 2456; x_wconf 88' lang='lat' dir='ltr'><strong>pec-</strong></span> 
     </span>
     <span class='ocr_line' id='line_1_66' title="bbox 765 2450 1419 2503; baseline 0.026 -20"><span class='ocrx_word' id='word_1_275' title='bbox 765 2450 858 2495; x_wconf 80' lang='lat' dir='ltr'><strong>caui,</strong></span> <span class='ocrx_word' id='word_1_276' title='bbox 885 2463 951 2487; x_wconf 83' lang='lat' dir='ltr'><strong>aut</strong></span> <span class='ocrx_word' id='word_1_277' title='bbox 974 2463 1128 2503; x_wconf 82' lang='lat' dir='ltr'><strong>gnatam</strong></span> <span class='ocrx_word' id='word_1_278' title='bbox 1147 2465 1259 2502; x_wconf 79' lang='lat' dir='ltr'><strong>tuam,</strong></span> <span class='ocrx_word' id='word_1_279' title='bbox 1282 2454 1335 2498; x_wconf 83' lang='lat' dir='ltr'><strong>Vt</strong></span> <span class='ocrx_word' id='word_1_280' title='bbox 1353 2464 1419 2498; x_wconf 81' lang='lat' dir='ltr'><strong>mi-</strong></span> 
     </span>
     <span class='ocr_line' id='line_1_67' title="bbox 762 2502 1416 2561; baseline 0.024 -21"><span class='ocrx_word' id='word_1_281' title='bbox 762 2502 802 2540; x_wconf 79' lang='lat' dir='ltr'><strong>tn·</strong></span> <span class='ocrx_word' id='word_1_282' title='bbox 818 2505 994 2557; x_wconf 63' lang='lat' dir='ltr'><strong>ignosias,</strong></span> <span class='ocrx_word' id='word_1_283' title='bbox 1015 2520 1160 2561; x_wconf 82' lang='lat' dir='ltr'><strong>eamque</strong></span> <span class='ocrx_word' id='word_1_284' title='bbox 1179 2523 1331 2553; x_wconf 75' lang='lat' dir='ltr'><strong>vxor-em</strong></span> <span class='ocrx_word' id='word_1_285' title='bbox 1352 2520 1416 2555; x_wconf 73' lang='lat' dir='ltr'><strong>mi·</strong></span> 
     </span>
     <span class='ocr_line' id='line_1_68' title="bbox 762 2558 1331 2617; baseline 0.023 -22"><span class='ocrx_word' id='word_1_286' title='bbox 762 2558 804 2595; x_wconf 81' lang='lat' dir='ltr'><strong>hi</strong></span> <span class='ocrx_word' id='word_1_287' title='bbox 825 2562 898 2607; x_wconf 77' lang='lat' dir='ltr'><strong>des,</strong></span> <span class='ocrx_word' id='word_1_288' title='bbox 922 2573 963 2600; x_wconf 83' lang='lat' dir='ltr'><strong>vt</strong></span> <span class='ocrx_word' id='word_1_289' title='bbox 982 2562 1076 2617; x_wconf 84' lang='lat' dir='ltr'><strong>leges</strong></span> <span class='ocrx_word' id='word_1_290' title='bbox 1098 2564 1233 2607; x_wconf 70' lang='lat' dir='ltr'><strong>iubent.</strong></span> <span class='ocrx_word' id='word_1_291' title='bbox 1290 2574 1331 2611; x_wconf 92' lang='lat' dir='ltr'><strong>L.</strong></span> 
     </span>
    </p>
   </div>
   <div class='ocr_carea' id='block_1_15' title="bbox 812 2667 1415 2725">
    <p class='ocr_par' dir='ltr' id='par_1_16' title="bbox 812 2667 1415 2725">
     <span class='ocr_line' id='line_1_69' title="bbox 812 2667 1415 2725; baseline 0.022 -17"><span class='ocrx_word' id='word_1_292' title='bbox 812 2667 897 2708; x_wconf 80' lang='lat' dir='ltr'><strong>Post</strong></span> <span class='ocrx_word' id='word_1_293' title='bbox 930 2670 1135 2725; x_wconf 72' lang='lat' dir='ltr'><strong>Indommst</strong></span> <span class='ocrx_word' id='word_1_294' title='bbox 1164 2674 1258 2715; x_wconf 89' lang='lat' dir='ltr'><strong>tolle</strong></span> <span class='ocrx_word' id='word_1_295' title='bbox 1282 2689 1415 2720; x_wconf 80' lang='lat' dir='ltr'><strong>notam</strong></span> 
     </span>
    </p>
   </div>
   <div class='ocr_carea' id='block_1_16' title="bbox 55 2714 1409 2790">
    <p class='ocr_par' dir='ltr' id='par_1_17' title="bbox 55 2714 1409 2790">
     <span class='ocr_line' id='line_1_70' title="bbox 55 2714 1409 2790; baseline 0.019 -40"><span class='ocrx_word' id='word_1_296' title='bbox 55 2723 141 2751; x_wconf 74' lang='lat' dir='ltr'><strong>rum</strong></span> <span class='ocrx_word' id='word_1_297' title='bbox 159 2715 389 2755; x_wconf 81' lang='lat' dir='ltr'><strong>vertentium</strong></span> <span class='ocrx_word' id='word_1_298' title='bbox 400 2714 710 2761; x_wconf 77' lang='lat' dir='ltr'><strong>semetinvtram·</strong></span> <span class='ocrx_word' id='word_1_299' title='bbox 756 2722 1088 2780; x_wconf 78' lang='lat' dir='ltr'><strong>interrogationis,</strong></span> <span class='ocrx_word' id='word_1_300' title='bbox 1109 2741 1146 2770; x_wconf 73' lang='lat' dir='ltr'><strong>vt</strong></span> <span class='ocrx_word' id='word_1_301' title='bbox 1166 2731 1265 2774; x_wconf 69' lang='lat' dir='ltr'><strong>infra</strong></span> <span class='ocrx_word' id='word_1_302' title='bbox 1277 2747 1298 2790; x_wconf 87' lang='lat'>3</span> <span class='ocrx_word' id='word_1_303' title='bbox 1306 2749 1339 2789; x_wconf 85' lang='lat'><strong>3.</strong></span> <span class='ocrx_word' id='word_1_304' title='bbox 1370 2740 1409 2776; x_wconf 80' lang='grc' dir='ltr'><strong>Β.</strong></span> 
     </span>
    </p>
   </div>
   <div class='ocr_carea' id='block_1_17' title="bbox 112 2767 376 2818">
    <p class='ocr_par' dir='ltr' id='par_1_18' title="bbox 112 2767 376 2818">
     <span class='ocr_line' id='line_1_71' title="bbox 112 2767 376 2818; baseline 0.015 -9"><span class='ocrx_word' id='word_1_305' title='bbox 112 2767 192 2809; x_wconf 78' lang='lat' dir='ltr'><strong>Ter.</strong></span> <span class='ocrx_word' id='word_1_306' title='bbox 206 2770 245 2810; x_wconf 89' lang='lat' dir='ltr'><strong>C.</strong></span> <span class='ocrx_word' id='word_1_307' title='bbox 265 2771 308 2810; x_wconf 83' lang='lat' dir='ltr'><strong>P.</strong></span> <span class='ocrx_word' id='word_1_308' title='bbox 325 2772 376 2818; x_wconf 80' lang='lat' dir='ltr'><strong>ll.</strong></span> 
     </span>
    </p>
   </div>
   <div class='ocr_carea' id='block_1_18' title="bbox 895 2786 924 2823">
    <p class='ocr_par' dir='ltr' id='par_1_19' title="bbox 895 2786 924 2823">
     <span class='ocr_line' id='line_1_72' title="bbox 895 2786 924 2823; baseline 0 0"><span class='ocrx_word' id='word_1_309' title='bbox 895 2786 924 2823; x_wconf 71' lang='grc' dir='ltr'><strong>Ι.</strong></span> 
     </span>
    </p>
   </div>
  </div>
 </body>
</html>
