1827 3180
596 223 948 272 PHORMIO.
1338 244 1430 293 433

218 347 394 404 Noster,
417 349 524 415 quid
544 361 702 411 ageret,
721 352 904 409 nescire3
940 361 984 400 et
1001 350 1116 399 illam
1144 353 1301 403 ducere

222 426 448 492 Cupiebat,
469 438 512 473 et
530 427 748 474 metuebat
770 427 982 474 absentem
1000 441 1183 491 patrem.

217 499 268 550 D
282 517 330 549 A.
364 505 488 554 Non,
509 500 536 547 fi
556 499 726 548 redisset
743 513 879 566 pater,
901 504 940 548 ei
961 504 1128 550 veniam
1149 504 1298 553 daret?

119 593 186 640 70
223 571 326 624 GE.
363 577 496 623 Illene
519 576 752 624 indotatam
775 578 986 637 virginem
1007 588 1133 641 atque
1153 580 1391 640 ignobilem

217 655 354 706 Daret
365 652 426 698 illi
438 651 458 701 2
470 667 694 716 nunquam
703 651 872 700 faceret.
900 649 998 700 DA.
1021 652 1127 716 quid
1146 652 1194 701 fit
1207 655 1391 721 denique
1404 659 1427 705 ’ἓ

135 871 191 923 67
219 869 366 922 Noster,
393 869 484 926 quid
499 884 634 926 ageret,
656 871 730 922 nes:

78 926 170 974 cire]
202 927 390 978 Propofira
401 926 649 968 deliberatio:
669 941 731 966 cu-

12 995 15 999 ·
82 983 142 1021 ius
175 994 302 1021 tamen
329 983 448 1022 altera
474 995 558 1034 pars
586 984 725 1022 vincet.

29 1077 33 1081 ,
79 1039 177 1079 Nam
196 1037 375 1077 duciurus
405 1038 460 1077 est
480 1051 548 1090 per
573 1036 732 1078 absenti-

80 1107 143 1133 am
171 1095 296 1143 patris.
352 1094 456 1149 Qid
478 1108 625 1149 ageret,
656 1094 730 1145 nell

81 1152 171 1197 cire]
207 1152 277 1188 Pro
312 1149 501 1200 nefiiebat.
537 1147 601 1189 sed
628 1152 729 1190 reGIe

79 1204 131 1244 fic
152 1205 224 1246 ait:
256 1205 342 1256 quia
372 1202 636 1244 subiunaurus
664 1205 728 1254 est,

81 1259 187 1300 Illam
206 1261 333 1299 ducere
353 1259 530 1313 cupiebat,
549 1275 584 1300 et
600 1275 729 1300 metue·

81 1314 163 1369 bat]
191 1317 293 1356 Vide
304 1316 603 1370 ambiguitatem,
615 1331 728 1369 quam

81 1382 208 1411 tamen
230 1369 425 1422 sequentia
446 1373 594 1414 tollunt.
625 1376 673 1412 D.

136 1429 186 1475 68
233 1426 408 1480 Cupiebat
451 1441 484 1467 et
528 1425 727 1482 metuebat]

79 1480 270 1523 Manebat
302 1484 458 1535 proprie
488 1483 592 1522 dixit.
650 1483 730 1523 Me-

79 1542 212 1579 tuimus
228 1539 331 1578 enim
342 1551 409 1578 eos
422 1540 568 1590 quinos
579 1549 729 1578 amant:

34 1629 41 1635 .
84 1594 263 1634 Τιήιεηιω·
283 1594 596 1634 eriaminimicos.
626 1597 674 1635 D.

131 1653 185 1702 69
216 1650 308 1689 Non
326 1651 362 1700 fi
383 1651 523 1702 redtffet
538 1660 664 1704 pater,
692 1651 726 1688 ei

75 1708 219 1745 veniam
243 1705 403 1760 darm]
428 1708 536 1746 Bene
562 1706 727 1743 interro-

79 1772 144 1815 gat
161 1763 302 1800 Dauus.
328 1760 401 1799 hoc
419 1762 526 1800 enim
545 1759 681 1810 sperari
699 1758 726 1799 fi

77 1813 220 1866 posset.
254 1829 335 1855 non
365 1830 460 1868 opus
478 1827 558 1855 erat
584 1815 725 1855 fraudi·

78 1870 149 1910 bus
180 1870 429 1911 Phormionis.
486 1873 577 1912 Non
601 1872 643 1924 fi
673 1885 725 1910 re-

78 1925 198 1980 disset]
221 1927 263 1965 Si
286 1940 354 1979 pro
380 1926 590 1979 postquam.
620 1929 725 1980 Virg.

78 1983 136 2032 (v,
153 1983 238 2033 64.)
270 1984 460 2023 Praeterea
480 1983 515 2032 fi
527 1996 621 2022 noua
631 1983 724 2022 diem

77 2036 294 2077 mortalibus
309 2038 440 2077 almum
461 2040 608 2079 Aurora
620 2052 724 2079 extu-

78 2092 174 2132 lerit.
235 2094 281 2131 D.

131 2148 223 2185 Non
255 2145 297 2197 fi
322 2145 488 2201 rediffit]
531 2149 616 2187 Hoc
658 2147 723 2195 est,

79 2215 164 2240 cum
192 2199 350 2248 rediffet,
381 2215 430 2240 ne
451 2215 569 2241 omne
585 2205 625 2241 in
644 2200 725 2241 sen-

80 2254 158 2296 sum
178 2257 338 2307 pontum
357 2257 560 2295 videamus.
615 2261 658 2297 E.

133 2314 282 2351 Omnes
301 2311 426 2350 Codd.
458 2325 543 2350 cum
571 2314 724 2351 Donato

79 2366 272 2408 venustius
285 2366 469 2404 collocant
480 2366 652 2417 Eipater.
682 2370 722 2406 B.

132 2436 186 2474 70
230 2422 333 2460 zuene
365 2423 566 2460 indotatam
607 2425 723 2476 virgi-

77 2479 176 2532 nem]
203 2477 404 2522 Ε’μφαηκῶς
423 2477 489 2523 ille,
510 2476 559 2515 de
577 2490 654 2528 quo
671 2477 723 2516 di-

78 2544 205 2581 xerat,
236 2534 412 2583 Dcsmau
441 2531 488 2579 sic
513 2532 560 2583 est
584 2535 724 2587 ungeni-

78 2601 163 2627 um:
192 2600 229 2627 et
263 2590 327 2638 qui
355 2599 510 2638 propter
537 2585 640 2639 spem
667 2588 725 2627 lu-

80 2644 132 2682 eri
165 2636 361 2696 na'uigarat
398 2641 523 2682 senex.
581 2642 724 2682 Iniinu—

20 2694 25 2706 '
81 2698 223 2738 auidum
250 2701 368 2751 igitur
399 2697 489 2740 suit:
528 2696 591 2738 l'u‘c
617 2700 725 2741 enim

131 2752 211 2796 Ter.
222 2755 262 2796 C.
281 2753 384 2795 ΕΠ.

33 2976 45 3180 ἰ

1322 734 1428 782 Gn.

778 873 849 914 erit
868 885 987 912 omne
1013 873 1231 926 periculum
1250 873 1424 918 Fabulae.

777 933 827 970 Et
851 928 985 969 ordine
1003 931 1208 969 Terentius
1235 932 1338 982 prius
1363 934 1426 972 In-

777 985 931 1025 finuauit
948 983 1147 1036 personam
1162 983 1274 1035 senis,
1294 998 1332 1025 vt
1341 1001 1424 1041 gra-

778 1042 884 1080 uiora
910 1037 1048 1080 fierent
1067 1054 1166 1092 quae
1191 1041 1424 1084 dirimebant

778 1097 941 1148 nuptias.
994 1095 1102 1136 Illene
1119 1098 1324 1137 indotatam
1347 1103 1425 1138 vir-

775 1155 912 1206 ginem,
947 1165 1054 1205 atque
1087 1152 1298 1206 ignobilem]
1331 1156 1422 1194 Duo

777 1208 888 1256 dixit,
902 1219 941 1246 et
964 1208 1186 1256 Indotatam,
1209 1218 1249 1247 et
1271 1209 1421 1263 Ignobi-

776 1264 852 1304 lem.
906 1266 1012 1303 Haec
1039 1265 1145 1302 enim
1172 1263 1248 1303 duo
1277 1267 1422 1315 princi-

777 1320 913 1370 paliter
959 1330 1144 1370 petuntur
1183 1323 1423 1371 (expetuntur

777 1373 848 1416 Ms.
862 1375 938 1424 Η),
964 1388 1048 1414 cum
1058 1374 1424 1427 fintquatuor,quae

776 1431 816 1468 in
841 1427 979 1480 sponfis
1011 1432 1422 1483 quaeruntumforma,

772 1484 948 1536 probitas,
969 1485 1041 1534 dos,
1061 1486 1241 1525 nobilitas.
1292 1488 1338 1526 Et
1347 1500 1424 1527 ma-

777 1540 959 1580 nifestum
979 1540 1065 1585 ests
1084 1553 1148 1580 cur
1169 1541 1217 1580 de
1241 1540 1361 1581 forma
1383 1554 1422 1583 et

778 1595 967 1648 probitate
995 1596 1092 1635 nihil
1115 1596 1236 1635 dicat:
1270 1599 1421 1649 quippe

776 1665 860 1690 cum
882 1648 989 1701 supra
1007 1663 1246 1704 magnopere
1274 1665 1318 1690 ea
1340 1654 1420 1692 lau-

776 1706 922 1746 dauerit
949 1707 990 1745 in
1015 1707 1155 1758 puella.
1214 1708 1419 1764 Virginem]

773 1763 1005 1813 Simpliciter
1033 1763 1256 1813 accipimus,
1296 1763 1424 1819 Virgi-

774 1818 877 1861 nem?
911 1831 960 1857 an
994 1815 1254 1866 subaudimus,
1283 1822 1420 1872 Quam-

774 1877 855 1914 uis:
878 1884 917 1912 vt
939 1872 982 1912 fit
999 1871 1179 1927 Quamuis
1205 1876 1419 1930 virginem?

825 1984 876 2032 Si,
895 1985 992 2024 duce
1013 1984 1214 2032 Bembino,
1241 1985 1334 2024 illud
1357 1985 1420 2024 Ne

772 2039 979 2087 deleueris3
998 2041 1135 2080 melius
1156 2041 1329 2092 procedit
1342 2055 1421 2081 ver-

771 2093 841 2135 sus.
895 2099 937 2136 Β.

826 2162 876 2203 71
907 2151 1032 2190 Daret
1059 2149 1166 2204 illst]
1196 2153 1304 2190 Bono
1327 2149 1418 2191 affe-
1483 2174 1492 2180 ·

773 2205 832 2244 &u
852 2206 964 2251 dixit,
995 2206 1117 2245 Daret
1141 2205 1219 2244 illi?
1245 2207 1357 2245 Filius
1378 2221 1418 2246 e-

772 2262 851 2298 nim
885 2260 1047 2299 familiae
1085 2275 1165 2299 non
1205 2272 1279 2300 tam
1314 2262 1416 2301 ducit

771 2328 939 2363 vxorem,
966 2329 1076 2365 quam
1095 2329 1115 2353 a
1133 2326 1240 2366 patre
1259 2318 1416 2368 accipit:

773 2371 916 2420 quippe
944 2383 1029 2408 cum
1068 2372 1162 2420 patri
1202 2374 1418 2411 comittatur

773 2426 900 2476 puella
919 2426 1040 2476 potius
1052 2425 1089 2463 in
1102 2423 1314 2466 huiusmodi
1325 2441 1417 2466 con-

773 2479 993 2527 ditionibus,
1015 2483 1281 2531 quammarito.
1338 2486 1417 2525 Da·

772 2548 827 2573 ret
845 2535 926 2575 illi?
945 2537 1296 2592 mmquamjizceret]
1328 2541 1416 2582 Α’πο.

772 2590 923 2633 amium
943 2589 1116 2632 secunda.
1138 2592 1197 2630 hic
1217 2595 1322 2633 enim
1335 2609 1414 2637 non

773 2646 898 2685 tranfit
923 2646 969 2685 ad
996 2645 1118 2694 aliud,
1148 2645 1210 2687 sed
1233 2649 1341 2688 instat
1361 2652 1420 2687 in-

773 2713 905 2754 cepto:
937 2715 975 2741 vt
1001 2715 1038 2743 et
1066 2715 1137 2754 per
1155 2704 1422 2758 interrogatio-

904 2760 969 2800 Ee
1327 2773 1421 2800 nem
