1875 3292
376 215 479 275 44¹4

774 195 926 244 ACT.
959 195 993 241 Ι.
1035 192 1233 242 SCEN.
1264 196 1344 245 111.

507 323 619 376 AN.
657 328 780 373 Dum
802 319 1022 388 exspeElo,
1058 338 1189 386 quam
1207 339 1308 371 mox
1334 324 1499 377 veniat,
1531 325 1608 388 qui
1640 324 1724 372 adi-

602 411 692 448 mat
715 401 825 447 hanc
847 399 957 445 mihi
978 398 1347 446 consuetudinem.

411 497 470 530 10
501 475 601 526 ΡΗ.
637 475 747 522 Aliis
776 477 875 538 quia
909 472 1012 521 defit
1044 474 1165 538 quod
1195 484 1362 529 amant,
1395 471 1594 537 aegre'st:
1630 475 1724 534 tibi,

600 553 700 614 quia
723 547 922 615 superest,
950 549 1083 596 dolet.

500 631 666 676 Amore
687 625 891 679 abundas,
916 625 1131 690 Antipho.

369 790 446 831 est:
473 800 548 830 nee
572 788 730 828 maritus
756 785 886 826 finnus
915 784 1019 826 vide·

367 849 475 888 bitur
502 845 599 885 fore.
629 842 692 883 sed
719 842 792 882 hoe
821 843 936 882 dicit:
966 841 1021 881 fa-

367 905 478 944 cilius
515 898 625 941 fuiffe
652 898 842 940 abstinere
871 898 1021 952 virgine

367 959 520 1004 intaffta,
536 970 653 1008 quam
673 969 718 996 ea
740 967 825 994 cum
843 967 916 1005 qua
942 957 1020 993 iam

365 1012 621 1056 consueuerit.
652 1022 690 1050 et
700 1010 790 1050 ideo
807 1008 1014 1063 subiungit,

366 1072 471 1113 Dum
493 1067 656 1121 exspec‘lo
683 1080 792 1120 quam
811 1079 899 1106 mox
920 1068 1019 1106 veni-

365 1142 429 1176 at,
457 1129 520 1180 qui
548 1125 641 1163 hanc
668 1121 760 1162 mihi
779 1123 916 1162 adimat
938 1135 1018 1161 con·

353 1184 596 1236 fhettadinem.
652 1177 788 1226 Audio]
810 1178 933 1219 Audio
945 1191 1018 1230 pet

365 1245 524 1288 εἰρωνείαν
543 1237 682 1275 dicitur
708 1234 827 1274 modo
845 1248 866 1273 a
886 1244 1016 1273 conte-

363 1294 530 1337 mnente
577 1292 719 1330 dietum
756 1289 1011 1342 Antiphonis.

362 1353 504 1404 Audio]
541 1347 685 1388 Omnia
719 1346 871 1386 deridet
903 1345 1017 1384 Phae-

364 1409 464 1454 dria,
500 1405 660 1456 cupiens
684 1401 850 1442 fruCtum
879 1402 1015 1440 amoris

360 1465 426 1504 vel
456 1460 634 1514 periculis
653 1456 820 1511 adipisci.
873 1457 935 1499 Est
961 1470 1017 1496 er-

362 1534 415 1573 go
436 1519 558 1558 Audio
582 1522 729 1561 εῑςωνεία,
762 1526 831 1563 pro
848 1514 939 1553 Non
951 1526 1015 1552 au-

358 1578 434 1623 dio,
459 1575 533 1613 hoc
551 1571 615 1618 est,
637 1570 735 1610 nihil
753 1570 858 1608 dicis.
913 1571 960 1610 D.

416 1644 441 1682 9
476 1633 573 1669 Dum
594 1627 769 1677 exspec‘w,
798 1639 909 1678 quam
929 1637 1015 1663 mox

360 1685 502 1737 veniat]
526 1687 613 1723 Non
635 1681 798 1736 QunndO,
823 1678 884 1718 sed
896 1682 1014 1730 Qum

358 1745 458 1782 cito:
490 1739 579 1790 quia
599 1739 715 1776 timet.
773 1736 850 1786 Qi
877 1735 1014 1772 adimat

359 1798 453 1838 hanc
472 1794 562 1834 mihi
575 1790 888 1843 conficetudinem]
911 1791 1012 1829 Mire

357 1867 442 1892 non
467 1863 658 1889 amorem:
689 1858 870 1897 tanquam
882 1858 1011 1884 amore

358 1920 492 1948 carere
521 1905 714 1959 potuerit,
753 1901 1010 1953 conficetudine

358 1979 443 2005 non
476 1962 598 2014 possit.
650 1962 695 2000 Et
727 1969 816 1996 nota
840 1958 1008 2008 proprie-

357 2033 489 2061 tatem.
549 2021 644 2058 Nam
675 2015 907 2065 Confitetudo
933 2011 1009 2064 spe-

357 2078 501 2117 cialiter
520 2074 569 2113 de
590 2072 692 2110 coitu
713 2070 860 2109 dicitur.
906 2070 955 2108 D.

412 2131 516 2172 Dum
554 2127 713 2180 exspeHo
757 2139 863 2178 quam
907 2138 1006 2171 mox,

357 2187 451 2241 iffa]
484 2183 731 2236 Comparatio
753 2181 913 2220 efficitur
937 2192 1007 2231 per

357 2245 513 2283 alterius
543 2242 644 2279 ritae
669 2237 1006 2288 comparationem.

352 2299 441 2352 lpse
460 2299 562 2339 enim
582 2294 766 2334 Phaedria
777 2302 875 2330 amat
889 2303 1006 2330 mere-

355 2359 492 2395 tricem
507 2383 515 2398 ,
545 2365 620 2403 qua
639 2350 754 2402 potiri
773 2358 929 2400 propter
950 2348 1006 2385 in·

354 2413 481 2466 opiam
505 2422 580 2448 non
610 2404 741 2458 potest.
798 2407 838 2445 E.

376 2472 379 2475 ’
412 2471 545 2515 Longe
555 2463 782 2502 concinnius
797 2457 920 2505 codd.
938 2470 1007 2496 no-

353 2522 413 2561 stri
438 2521 519 2558 sere
541 2530 688 2565 omnes,
712 2515 896 2565 Qihanc
914 2513 1006 2553 mihi

356 2579 497 2617 adimat
518 2589 544 2612 c.
601 2578 639 2615 B.

415 2645 464 2674 10
504 2631 598 2669 Aliis
640 2630 726 2680 quia
769 2625 874 2677 defit,
912 2625 1010 2678 quod

357 2687 503 2742 amant]
552 2683 867 2739 Magnificentius
912 2680 1010 2724 Aliis
1061 2683 1385 2738 pronunciatione
1403 2681 1529 2724 insert.
1587 2684 1636 2722 D.

1603 705 1724 749 Nam

1069 784 1186 835 dixit,
1215 788 1346 838 'quam
1376 783 1402 825 fi
1432 785 1576 826 diceret
1602 786 1719 826 Mihi.

1074 841 1164 881 Tibi
1190 844 1275 895 quia
1295 841 1476 895 superest,
1508 842 1624 895 dolet]
1653 845 1718 881 La-

1067 896 1219 937 borauit
1239 909 1278 937 vt
1296 898 1515 938 ostenderet
1535 899 1621 950 plus
1643 895 1720 936 effe

1068 953 1195 1002 Dolet,
1204 956 1330 1006 {quam
1351 957 1468 1009 Aegre
1487 953 1544 1006 est.
1600 956 1646 994 Et
1664 953 1721 992 id·
1741 953 1745 958 “

1068 1023 1118 1050 eo
1141 1008 1318 1049 insanum
1346 1011 1399 1049 ait
1426 1009 1720 1061 Antiphonem:

1068 1067 1137 1118 qui
1156 1066 1197 1105 in
1216 1080 1261 1106 ea
1278 1064 1434 1105 fortuna
1450 1065 1597 1116 politus,
1616 1078 1718 1118 quae

1067 1119 1228 1161 aduersa
1246 1132 1284 1161 et
1304 1123 1490 1161 contraria
1507 1121 1581 1171 est,
1611 1121 1718 1160 idem

1067 1179 1233 1231 patiatur
1262 1177 1367 1228 quod
1398 1175 1522 1219 miser.
1589 1180 1636 1218 Et
1663 1175 1720 1216 est

1064 1234 1187 1288 figura
1200 1231 1383 1281 ὑπέζευσις.
1411 1236 1509 1274 Nam
1521 1231 1569 1273 ad
1582 1245 1720 1273 vtrum·

1065 1302 1142 1341 que
1159 1291 1277 1345 Aegre
1294 1289 1341 1340 est
1370 1287 1545 1328 sufficere
1576 1290 1716 1341 potuit.

1065 1347 1171 1386 Scire
1190 1356 1318 1384 autem
1335 1345 1540 1392 debemus,
1568 1356 1604 1385 et
1632 1357 1716 1395 pro-

1065 1402 1315 1451 nunciatiue‚
1363 1411 1402 1440 et
1450 1413 1518 1451 per
1558 1401 1716 1441 interro-

1065 1459 1264 1512 gationem
1319 1456 1392 1496 hoc
1446 1455 1569 1508 ipsum
1626 1469 1714 1508 pro-

1064 1515 1232 1553 nunciari
1256 1511 1373 1563 poffe.
1429 1512 1513 1552 Tibi
1540 1515 1624 1566 quia
1644 1512 1713 1561 fie-

1058 1569 1194 1623 perest]
1224 1568 1268 1607 Id
1286 1569 1349 1618 est,
1378 1582 1426 1607 eo
1447 1568 1551 1620 quod
1569 1568 1713 1607 defide-

1064 1639 1132 1673 ras,
1155 1625 1337 1663 abundas.
1393 1625 1500 1663 Ordo
1520 1624 1592 1671 est,
1621 1623 1713 1664 Tibi

1063 1681 1181 1727 dolet,
1199 1681 1286 1730 quia
1306 1678 1479 1730 superest.
1537 1683 1589 1720 D.

1121 1748 1166 1776 11
1216 1738 1349 1773 Amore
1375 1734 1560 1781 abundas,
1600 1735 1711 1773 Anzi-

1055 1790 1149 1843 pho]
1183 1791 1243 1830 Sic
1261 1789 1333 1828 hoc
1353 1789 1704 1841 pronunciandum,

1060 1845 1384 1897 quemadmodum
1416 1843 1508 1885 solet
1534 1858 1619 1883 cum
1639 1844 1710 1884 sto-

1058 1900 1194 1941 macho
1219 1900 1295 1939 dici
1322 1901 1554 1953 vituperanti
1583 1900 1711 1951 cibum

1058 1958 1149 1997 Non
1167 1957 1294 2007 fieris,
1318 1967 1381 1995 aut
1397 1958 1504 2008 pleno
1523 1970 1646 1996 ventre
1657 1972 1709 1998 cs.

1059 2014 1139 2052 vult
1170 2014 1275 2051 enim
1303 2012 1507 2052 ostendere
1533 2010 1711 2052 satietatis

1059 2068 1131 2108 hoc
1157 2065 1255 2116 effe,
1282 2082 1362 2107 non
1382 2069 1701 2116 ratiocinationis,

1058 2124 1158 2177 quod
1189 2138 1294 2163 nunc
1322 2125 1493 2175 queritur
1517 2123 1704 2176 Antipho.

1056 2184 1194 2221 Amore
1221 2179 1383 2220 abundas
1410 2180 1593 2233 Antipho]
1632 2179 1707 2219 Ab·

1055 2237 1195 2276 undare
1235 2236 1386 2284 dicitur,
1433 2237 1498 2286 qui
1537 2234 1703 2275 success'u

1056 2289 1236 2344 prospero
1273 2292 1402 2331 affluit.
1459 2292 1627 2331 Lucilius
1662 2293 1708 2330 li-

1056 2349 1123 2387 bro
1144 2349 1276 2394 tertio,
1309 2347 1372 2386 Ille
1398 2347 1493 2386 alter
1517 2345 1707 2387 abundans

1058 2406 1146 2445 Cum
1168 2402 1301 2457 septem
1328 2407 1366 2443 in
1391 2403 1502 2444 locum
1523 2403 1706 2455 Hispanus

1055 2476 1077 2500 r
1129 2475 1150 2499 a
1204 2474 1223 2498 r
1277 2471 1300 2511 p
1357 2459 1377 2479 ‘
1430 2462 1581 2507 (Douza
1607 2460 1704 2512 legit

1055 2516 1116 2565 sic,
1149 2516 1239 2555 Cum
1253 2515 1393 2567 ftptem
1420 2516 1609 2555 incolumis
1624 2518 1709 2566 pin·

1058 2575 1116 2611 nis
1136 2573 1242 2614 redit,
1264 2585 1303 2608 ac
1323 2573 1451 2621 recipit
1465 2569 1538 2621 fi).
1595 2572 1705 2609 Amo-

1059 2642 1097 2668 re
1117 2626 1286 2669 abundas.
1307 2626 1487 2677 Antipho]
1520 2628 1600 2665 Hoc
1618 2637 1706 2664 cum

1603 2738 1710 2787 Amo?
