1875 3292
382 206 447 253 72

765 194 921 241 ACT.
956 194 1028 243 m.
1076 194 1272 244 SCEN.
1317 198 1369 246 11.

495 315 801 371 Achs
857 298 1185 372 TE‘RTll
1238 320 1534 374 scENA
1575 322 1641 374 11.

590 410 774 450 GETA.
807 409 1154 453 SOSTRATA.
1184 411 1546 456 CANTHARA.

381 537 484 655 N
501 564 529 595 v
550 564 584 594 N
605 565 631 593 c
673 547 782 595 illud
805 546 889 602 est,
925 548 1047 614 quod
1078 546 1110 596 fi
1143 565 1298 599 omnes
1318 553 1468 601 omnia
1489 552 1561 600 sua
1581 550 1754 602 consilia

716 625 956 679 conferant,

516 702 667 764 Atque
695 700 798 748 huic
831 701 948 750 malo
977 700 1157 751 salutem
1188 712 1422 767 quaerant,
1459 703 1605 751 auxilii
1641 705 1755 754 nihil

614 773 814 832 afferant,

445 946 465 978 1
497 935 609 976 Nunc
627 936 718 978 illud
734 937 801 993 efl]
831 939 907 979 Hic
927 940 1045 987 locus,

382 988 596 1034 secundum
614 1006 736 1035 artem
758 996 955 1045 comicam,
974 994 1047 1036 ser-

385 1061 481 1089 uum
510 1063 732 1091 currentem
766 1053 969 1103 exprimit,
1007 1064 1048 1093 et

384 1107 638 1147 nunciantem
657 1108 767 1148 maia.
794 1109 1048 1150 Maximaita-

385 1173 464 1212 que
493 1177 580 1214 pars
608 1166 758 1203 Scenae
790 1167 955 1205 motoria
981 1165 1045 1206 est.

382 1218 587 1271 Significat
613 1231 741 1260 autem
769 1223 786 1271 ζ
793 1221 955 1262 Videtur
984 1235 1046 1262 ex·

382 1272 528 1320 cidisse,
551 1277 664 1316 Nunc
681 1277 777 1318 illud
793 1277 840 1330 est
863 1280 922 1331 Z.)
941 1291 1046 1318 nunc

386 1331 464 1370 tale
488 1334 697 1385 negotium
726 1333 801 1384 est,
839 1348 944 1374 nunc
969 1335 1046 1375 tale

383 1388 601 1439 periculum
631 1389 707 1429 est:
743 1401 808 1430 aut
834 1392 919 1444 (an)
953 1403 1045 1430 vero

384 1444 792 1499 confignificationem
858 1448 1046 1498 temporis

382 1498 510 1550 habet,
532 1512 571 1540 vt
588 1499 614 1541 fi
636 1502 782 1543 diceret
802 1504 859 1555 (vt
880 1503 993 1556 siquis
1013 1506 1048 1544 ei

1619 781 1757 838 Quod
1826 788 1830 792 ’
1855 847 1859 861 ἐ

1094 939 1280 980 mulieres
1306 936 1392 979 sunt
1402 953 1414 986 3
1444 951 1547 992 quae
1571 952 1661 981 cum
1687 954 1757 982 au.

1096 993 1238 1035 dissent
1256 993 1420 1045 seruum,
1440 994 1594 1047 etipsae
1605 996 1753 1039 dolent.

1097 1062 1137 1092 et
1155 1051 1238 1104 post
1257 1051 1422 1091 efficitur
1440 1052 1684 1101 deliberatio,
1704 1068 1756 1095 an

1097 1107 1382 1160 perferendum
1409 1107 1470 1157 fit,
1499 1109 1602 1160 quod
1624 1111 1756 1151 vitiata

1097 1165 1226 1216 puella
1265 1162 1380 1204 effet:
1416 1176 1457 1204 vt
1484 1167 1633 1205 coaStus
1659 1167 1760 1221 legi·

1097 1221 1165 1260 bus
1186 1219 1408 1260 adolescens
1428 1234 1513 1261 eam
1534 1221 1646 1262 ducat
1665 1236 1759 1264 vxo-

1096 1290 1193 1317 rem.
1249 1280 1296 1317 Et
1321 1276 1346 1316 si
1373 1277 1435 1317 hic
1461 1289 1588 1330 partes
1616 1279 1757 1319 ambae

1095 1332 1332 1373 indicandae
1358 1332 1464 1382 sunt,
1496 1346 1535 1372 vt
1562 1331 1634 1375 suis
1662 1336 1757 1376 locis

1096 1389 1365 1429 t1·a&abimus:
1390 1403 1494 1430 nunc
1505 1390 1556 1430 de
1568 1392 1758 1442 quaestio·

1096 1459 1150 1486 ne
1187 1446 1362 1486 dicemus
1392 1446 1606 1488 exordium.
1667 1447 1758 1489 Tale

1094 1502 1230 1541 malum
1255 1501 1323 1554 est,
1361 1516 1404 1542 vt
1425 1501 1469 1555 fi
1489 1516 1613 1544 omnes
1632 1507 1757 1546 omnia

384 1557 523 1596 diceret
552 1560 634 1609 L),
673 1559 832 1610 quando
870 1571 933 1600 aut
968 1574 1044 1612 quo
1082 1558 1172 1610 fica,
1194 1570 1268 1601 etc.
1323 1558 1407 1599 Post
1431 1557 1647 1612 subiungit:
1673 1561 1758 1600 hoc-

383 1615 595 1664 tempore?
629 1615 745 1655 Nunc
778 1615 871 1655 illud
893 1615 958 1670 est]
997 1619 1047 1656 V·
1097 1618 1174 1654 cine
1190 1613 1376 1666 seculum!
1418 1616 1589 1654 Primum
1621 1614 1758 1657 seculis

384 1679 484 1707 trum
514 1670 751 1720 periculum,
781 1685 831 1710 an
860 1670 1047 1723 tempus?
1097 1670 1284 1718 detraxit,
1334 1670 1482 1710 deinde
1518 1670 1755 1713 homiuibus.

381 1724 445 1764 Est
455 1722 717 1770 εηίιηὲλλειῲις.
748 1725 865 1781 Quod
862 1726 904 1778 ſs
908 1739 1045 1766 omnes

382 1784 507 1820 omnia
530 1781 610 1831 fica
651 1784 794 1838 confilia
829 1783 1045 1839 confiant]

385 1836 558 1884 ’ᾖπεςβιλιί
570 1852 655 1878 cum
667 1849 909 1889 παρωνομασὶᾳ,
922 1853 1046 1879 omnes

381 1895 522 1933 omnia.
581 1896 685 1934 Hinc
709 1898 870 1946 CicerO,
912 1896 1045 1936 Omnes

382 1953 424 1990 in
450 1949 514 1990 hoc
533 1953 669 1991 iudicio
696 1955 892 2006 conferam
909 1956 1043 1994 omnia.

437 2062 551 2102 Num:
577 2062 671 2103 illud
694 2063 758 2119 est]
789 2066 896 2105 Haec
918 2067 1044 2106 Scena

380 2118 638 2170 conquestum
657 2134 814 2161 omnem
826 2133 943 2171 tenet,
955 2123 1045 2174 quia

382 2171 512 2215 seruus
534 2176 631 2216 vidit
650 2173 888 2217 Aeschinum
909 2190 1046 2231 rapere

383 2233 643 2279 meretricem,
665 2234 730 2284 qui
750 2232 838 2273 suae
861 2234 1045 2275 dominae

382 2287 538 2327 vitiator
560 2287 638 2335 est,
673 2299 713 2328 et
735 2291 800 2342 qui
823 2289 1045 2343 promiserat

381 2340 420 2381 se
431 2357 516 2382 eam
531 2357 687 2383 vxorem
699 2344 909 2386 dufturum.
930 2350 1044 2400 Igno-

381 2410 437 2436 tat
467 2401 572 2439 enim
593 2398 723 2440 seruus
758 2404 846 2454 quia
867 2416 945 2442 non
963 2403 1042 2452 sibi,

382 2451 449 2492 scd
497 2455 599 2494 fratri
639 2456 854 2498 Aeschinus
901 2460 1038 2511 rapuit.

383 2509 600 2550 Arbitratus
626 2514 741 2565 igitur
762 2514 960 2555 dominam
979 2515 1042 2554 de—

385 2566 556 2605 reliciam
580 2568 807 2619 ingemiscit,
822 2583 1042 2622 etconque·
1079 2571 1220 2622 ferant
1247 2579 1283 2608 et
1305 2568 1489 2618 Afferant.

1096 1725 1441 1777 Quemadmodum
1459 1727 1652 1768 {audatiae
1663 1731 1755 1782 (Ae.

1096 1795 1123 1830 1,
1143 1783 1260 1840 609.)
1288 1805 1344 1813 —
1373 1795 1466 1834 quae
1494 1797 1531 1822 n
1555 1797 1630 1823 tam
1657 1788 1756 1825 laeta

1093 1839 1258 1878 tulerunt
1291 1837 1431 1885 Secula,
1454 1842 1521 1892 qui
1533 1844 1632 1880 tanti
1644 1843 1755 1883 talem

1093 1908 1247 1952 genuere
1270 1895 1470 1947 parentes?
1524 1900 1567 1937 E.

1146 1951 1276 1992 Lessio
1314 1951 1588 2003 plerorumque
1621 1953 1750 1994 Codd.

1091 2005 1391 2062 Qodfiomm'a
1404 2021 1536 2056 omnes,
1561 2009 1755 2049 venustior

1093 2063 1165 2111 est,
1196 2073 1237 2103 et
1265 2064 1528 2104 collocatione
1556 2076 1595 2106 et
1616 2079 1754 2107 nume-

1094 2122 1157 2160 ris.
1214 2122 1255 2160 B.
1743 2137 1752 2141 ·

1149 2189 1175 2217 2
1208 2175 1370 2216 Salutem
1416 2182 1613 2229 quaeram]
1661 2179 1751 2218 Non

1093 2232 1324 2281 Remedium,
1355 2243 1392 2270 vt
1421 2244 1562 2283 aegro:
1595 2231 1682 2282 sed,
1712 2232 1753 2272 i't

1094 2290 1295 2342 pereunti,
1335 2287 1509 2328 Salutem.
1562 2293 1611 2331 Et
1643 2302 1753 2329 noue

1095 2345 1211 2394 dixit,
1242 2345 1353 2385 Malo
1367 2343 1552 2396 filunm,
1579 2360 1649 2398 pro
1667 2359 1753 2386 con-

1092 2416 1155 2440 tra
1175 2400 1319 2441 malum.
1374 2401 1530 2440 Auxilii
1552 2403 1648 2442 nihil
1664 2401 1753 2454 affe'·

1094 2456 1199 2506 rant]
1229 2458 1332 2497 Mire
1365 2456 1415 2498 de
1444 2460 1621 2509 proximo
1643 2471 1752 2510 repe-

1094 2514 1203 2553 titum
1223 2512 1276 2552 est
1296 2511 1471 2559 ηςόμσιον
1483 2527 1495 2560 ;
1523 2516 1560 2554 id
1575 2515 1636 2560 cst,
1650 2515 1752 2554 Con-

1549 2574 1634 2611 Hoc
1661 2583 1751 2609 con-

382 2622 478 2660 titui·
502 2623 604 2672 apud
623 2625 906 2666 adulescentem
921 2638 1036 2667 muta·
1091 2625 1203 2668 uenit
1224 2623 1442 2674 pracsertim
1471 2624 1663 2665 stomacho
1682 2621 1753 2666 mi·

382 2686 462 2717 tam
500 2675 578 2718 effe
615 2679 746 2722 fidem.

817 2681 1038 2726 Praesente-e
1089 2694 1165 2722 nus
1204 2681 1322 2721 verba
1364 2683 1532 2722 curantis
1569 2683 1750 2740 (Melius,

1608 2737 1749 2790 stom.
