1875 3244
621 174 917 222 HECYRA.

1343 193 1438 240 297

217 306 343 360 Quae
365 301 477 349 inter
497 317 574 349 vos
597 304 905 356 interuenerit,
935 300 1050 352 vnde
1072 310 1218 349 ortum
1237 301 1297 350 est
1326 307 1441 353 initi-

314 394 392 424 um
426 379 530 424 irae.

158 513 161 514 ⁷
218 456 364 517 Atque
385 469 533 499 eccum
553 452 678 500 video
701 451 844 516 ipsum
861 450 1027 512 egredi.
1065 467 1195 515 quam
1216 452 1341 500 tristis
1355 453 1439 506 est!

315 525 346 574 S
362 540 410 576 ο.
449 545 476 574 o
498 530 557 573 mi
581 539 707 588 gnate
728 524 740 575 !

215 600 296 651 ΡΑ
318 616 374 648 Μ.
415 606 517 648 Mea
540 614 687 655 mater,
711 601 839 648 salue.
875 596 966 647 So.
1005 602 1174 662 gaudeo
1187 601 1346 651 venisse
1369 605 1441 652 sal·

320 693 442 725 uom.
482 670 636 724 saluan’
675 723 685 728 ,

216 752 474 799 Philumena
506 751 594 799 est?
644 749 796 798 ΡΑΜ.
832 750 1078 799 meliuscula
1123 750 1196 800 est.
1239 750 1329 803 So,
1362 758 1442 802 vti·

318 844 418 873 nam
442 825 546 873 istuc
571 828 627 873 ita
651 828 711 873 Di
735 826 879 873 faxint.

123 920 185 952 20
219 901 339 958 Quid
361 914 408 949 tu
429 903 561 963 igitur
583 902 824 949 lacrumas?
860 898 949 950 aut‘
965 901 1072 967 quid
1103 918 1148 950 es
1171 913 1258 951 tam
1281 903 1443 955 tristis?

316 974 460 1024 PAM.
495 974 627 1030 reste,
656 987 808 1024 mater.

89 1192 234 1238 dicitur,
248 1192 441 1244 quomodo
450 1192 627 1243 Praefins
637 1205 743 1247 prae-

76 1249 193 1300 senti.
250 1249 311 1288 Sic
331 1250 437 1303 Ving.
460 1251 742 1302 (Aen.1v,83.)

93 1305 201 1344 Illum
219 1302 343 1354 absens
371 1304 552 1357 ulfinum
568 1305 742 1358 auditque

89 1361 273 1413 videtque.
329 1362 378 1401 D.

151 1420 196 1458 16
233 1415 335 1470 Qae
362 1420 460 1457 inter
487 1430 555 1456 vos
585 1418 741 1455 interue-

89 1471 166 1525 nit]
198 1474 341 1512 Melius
362 1472 430 1520 fic,
459 1485 574 1524 quam
594 1471 620 1510 si
638 1472 741 1511 dice·

90 1539 159 1566 ret.
215 1530 325 1582 Quae
351 1528 404 1567 illi
430 1527 580 1579 ftceris.
642 1528 742 1566 Vnde

89 1593 216 1621 ortum
242 1582 308 1638 est]
338 1588 410 1624 Pro
429 1583 510 1635 fit,
547 1580 742 1622 ‘handum

88 1638 253 1679 tertium.
308 1641 356 1679 D.

144 1693 276 1746 Vulgo
295 1693 497 1734 zmemenit
508 1709 524 1738 ,·
538 1693 670 1734 Bemb.
683 1694 741 1732 In·

90 1752 301 1788 teruenerit.
359 1756 409 1791 At
428 1751 507 1803 leg.
535 1751 742 1789 Interuene-

90 1806 194 1849 νίκη
232 1805 336 1856 quod
369 1816 409 1845 et
436 1802 559 1846 versus
588 1805 741 1858 probat,

91 1870 132 1897 et
159 1862 298 1899 Donati
335 1862 552 1911 auam-itas,
589 1863 655 1913 qui
691 1862 743 1900 ita

92 1912 227 1967 legiffe
248 1916 407 1955 videtur.
462 1920 501 1958 B.

154 1982 202 2022 17
238 1973 358 2026 Qum
399 1972 512 2023 tristis
547 1971 643 2027 efil]
680 1984 746 2011 xu-

95 2033 313 2070 qanrneidsaeoc
360 2033 616 2080 (Προσακονομία.
662 2030 742 2067 Pet.

94 2082 236 2119 vietor.
260 2085 304 2120 V.
331 2085 367 2122 L.
398 2097 548 2131 xxxm,
578 2085 661 2135 24.)
693 2084 742 2121 lo-

94 2137 219 2174 cuturi
239 2138 438 2189 Pamphili.
495 2140 528 2177 Ο
548 2142 597 2178 mi
612 2138 742 2193 gnate]

95 2191 206 2230 Ordo
229 2192 292 2237 est,
320 2206 344 2232 o
362 2196 414 2233 mi
435 2206 560 2248 gnate,
589 2195 742 2246 gaudeo

96 2258 136 2284 te
157 2244 297 2286 saluum
309 2248 474 2291 veniss'e3
505 2248 568 2288 sed
585 2252 744 2289 interce-

96 2300 152 2339 dit
171 2302 383 2354 Pamphilus
399 2306 522 2345 tristis.
578 2308 627 2345 D.

154 2357 251 2396 lllud
280 2358 340 2410 Est
366 2358 513 2400 versum
541 2373 628 2399 cum
654 2374 747 2400 one·

98 2423 167 2458 rot,
190 2412 296 2452 dele:
323 2426 383 2454 aut
409 2417 499 2469 lege
515 2418 638 2472 Qum
663 2417 746 2455 Tri-

89 2466 211 2527 Jli's'u
239 2471 296 2508 vel
319 2470 445 2523 Tristis
460 2472 527 2523 est!
548 2474 599 2512 mi
619 2486 744 2527 gnate,

97 2527 179 2562 hnc
200 2537 233 2562 0.
290 2528 327 2565 B.
388 2540 391 2544 ¹

157 2588 202 2627 18
243 2579 378 2618 saluam
409 2579 615 2622 Philumena
643 2583 744 2638 est?]

98 2634 187 2675 Cito
207 2636 343 2685 probat
361 2637 559 2688 Pamphilo
582 2637 621 2678 se
647 2653 746 2679 ama-

96 2700 142 2728 te
158 2702 317 2742 nurum,
345 2704 430 2731 cuni
458 2691 539 2744 post
564 2691 746 2735 salutatio-

1348 1059 1439 1105 So.

791 1207 884 1236 nem
903 1193 999 1235 nihil
1019 1194 1147 1248 prius,
1177 1206 1292 1248 quam
1318 1195 1368 1237 de
1396 1193 1446 1235 sa-

791 1252 871 1291 lute
888 1253 1014 1291 vxoris
1037 1253 1117 1290 eius
1129 1252 1306 1303 inquirat.
1362 1251 1446 1292 Sal-

792 1321 866 1346 uan
883 1306 1095 1348 Philumena
1122 1305 1218 1360 est?]
1245 1308 1349 1349 Mire
1379 1308 1446 1347 ob-

791 1363 894 1402 uiam
925 1362 995 1401 fibi
1022 1374 1229 1403 exeuntem
1248 1362 1368 1402 filium
1389 1365 1447 1403 ni-

791 1418 846 1457 hil
877 1419 1000 1466 aliud,
1037 1418 1104 1457 nifi
1135 1418 1185 1458 de
1217 1417 1449 1458 Philumena

790 1474 1066 1526 interrogauit:
1086 1485 1123 1513 vt
1134 1473 1352 1514 ostenderet
1365 1477 1447 1515 eius

789 1528 969 1569 morbum
986 1541 1100 1569 curae
1116 1528 1185 1568 fibi
1205 1526 1293 1569 esse.
1338 1535 1390 1572 D.

847 1597 897 1638 19
932 1584 1152 1635 Meliuscula
1187 1584 1251 1639 est]
1299 1587 1447 1626 Verum

791 1640 857 1688 est,
887 1651 1075 1692 quantum
1096 1640 1143 1679 :id
1164 1640 1342 1681 morbum
1362 1654 1449 1691 per-

791 1697 902 1734 tinet.
958 1695 1176 1747 Meliufiula
1207 1696 1271 1750 est]
1300 1700 1384 1737 Hoc
1405 1707 1447 1737 et

792 1752 837 1790 ad
850 1749 1040 1800 morbum,
1061 1763 1099 1790 et
1109 1752 1156 1791 ad
1169 1754 1354 1792 euentum
1365 1768 1446 1805 par-

793 1806 968 1846 titudinis
1003 1820 1136 1846 verum
1171 1807 1233 1847 est.
1274 1810 1325 1848 ita
1361 1822 1444 1849 non

792 1863 978 1902 mentitur
997 1863 1217 1915 Pamphilus
1235 1865 1356 1904 matri.
1400 1865 1448 1905 V-

793 1921 912 1959 tinam
940 1917 1023 1969 {stuc
1041 1923 1094 1958 im
1117 1920 1174 1958 Di
1181 1920 1342 1974 faxint]
1376 1923 1446 1962 Di-

793 1974 999 2028 ligentiore
1026 1974 1152 2014 officio
1184 1976 1372 2026 loquitur,
1409 1989 1446 2016 vt

794 2043 858 2069 rea
882 2030 982 2080 apud
1003 2029 1120 2069 filium
1141 2029 1273 2069 socruz.
1330 2037 1380 2072 1).

850 2098 903 2126 20
966 2087 1031 2124 uid
1040 2100 1078 2125 tu
1088 2089 1207 2140 igitur
1219 2087 1396 2128 lacrumas
1407 2088 1444 2141 ?]

792 2144 914 2182 Locus
935 2144 982 2180 ab
1001 2155 1048 2180 eo
1068 2143 1170 2193 quud
1192 2144 1333 2193 agitur:
1365 2157 1443 2194 quo

793 2196 987 2249 significat,
1006 2199 1043 2236 Si
1065 2199 1112 2236 ita
1134 2197 1196 2241 est,
1218 2210 1334 2248 quare
1351 2212 1445 2251 ergo

798 2264 838 2290 tu
877 2253 987 2291 tristis
1017 2255 1086 2298 es?
1142 2253 1267 2300 Reae,
1309 2254 1444 2307 mater]

797 2309 858 2346 Sic
887 2308 1065 2353 dicimus,
1095 2322 1179 2347 cum
1205 2309 1283 2346 linc
1304 2309 1445 2348 iniuria

797 2364 1443 2414 interrogantisaliquidreticemus.

796 2421 845 2459 Et
882 2418 984 2457 bene
1016 2419 1189 2458 additum
1217 2420 1366 2459 nsoter:
1406 2432 1445 2460 vt

797 2470 934 2512 duritia
953 2475 1180 2513 reticentiae
1205 2473 1345 2515 blando
1372 2490 1447 2516 no-

796 2530 904 2568 mine
938 2531 1162 2569 molliretur.
1228 2532 1306 2571 Alii
1340 2532 1444 2571 Reae

796 2583 843 2623 fic
860 2586 1062 2636 accipiunt,
1086 2586 1444 2641 vtintelligant,Ni-

797 2639 852 2680 hil
866 2639 911 2693 cst
929 2642 1026 2680 malt.
1081 2647 1132 2685 D.

964 2698 1000 2736 T
1033 2709 1057 2750 ς
