1875 3292
406 179 501 231 208

793 170 953 218 ACT.
987 168 1041 216 v.
1081 168 1278 233 semu.
1309 170 1384 217 1x.

443 315 505 355 10
535 300 644 353 DE·
681 298 920 354 Postremo,
943 296 1078 347 hodie
1100 298 1148 347 in
1172 297 1342 364 psaltria
1361 297 1443 347 hac
1460 299 1675 357 emunda,
1705 301 1782 353 hie

636 378 808 424 adiutor
831 377 928 430 fuit,

533 458 626 506 Hie
671 455 860 501 curauit:
906 447 1109 519 prodefl'e
1150 447 1414 515 aequum'st:
1451 451 1526 501 alii
1569 454 1778 506 meliores

638 540 784 578 erunt·

534 608 745 671 Denique
766 606 839 654 hic
862 605 954 655 volt
976 601 1087 652 fieri.
1129 601 1183 651 M
1196 617 1227 651 1.
1244 602 1325 652 'vin
1346 613 1397 651 tu
1417 603 1505 653 hoc
1526 603 1657 656 fieri?
1679 605 1780 660 AE-v

633 684 781 748 cupio.
818 685 917 729 Ml.
953 680 986 728 fi
1008 680 1191 746 quidem

531 765 614 811 Tu
635 761 726 815 vis;
760 762 893 822 Syre,
925 758 1011 806 eho
1037 756 1190 805 accede
1211 756 1300 805 huc
1329 755 1384 806 ad
1402 773 1498 817 me3
1533 757 1646 807 liber
1668 758 1779 810 esto.‘

632 832 724 883 SY.
764 835 877 882 bene
913 834 1040 882 facis:

531 910 755 964 Omnibus
777 912 961 972 gratiam
979 910 1147 960 habeo:
1182 921 1226 960 et
1257 910 1445 962 seorsum
1472 910 1554 962 tib'i
1574 923 1775 981 praetet-

631 1004 696 1044 ea,
724 992 907 1038 Demea.

448 1220 507 1261 ἰο
537 1211 742 1269 Postremo,
772 1212 881 1255 hodie
905 1215 946 1256 in
957 1210 1056 1268 pfitl-

392 1277 470 1316 tria
487 1274 554 1314 hac
572 1272 746 1320 emunda]
774 1275 825 1313 Et
845 1271 918 1311 hoc
929 1283 1056 1311 totum

389 1329 490 1372 serio
517 1330 678 1378 dicitur,
716 1339 755 1369 vt
773 1328 897 1382 magis
917 1329 1056 1368 ridicu-

391 1388 476 1428 lum
524 1385 713 1427 videatur.
781 1385 859 1425 Hic
901 1385 1056 1426 adiutor

379 1444 488 1501 fuit]
521 1445 570 1483 In
588 1457 630 1485 re
646 1442 754 1482 bona
774 1442 981 1492 Adiutores,
1010 1439 1055 1481 in

388 1516 435 1543 re
471 1501 573 1540 mala
602 1498 819 1553 Impulfiares
857 1499 1052 1542 dicuntur.

387 1561 495 1611 Ergo
515 1555 579 1596 hie
596 1556 747 1596 adiutor
764 1556 904 1595 dicitur
922 1569 944 1596 a
966 1567 1052 1595 non

388 1612 602 1655 irascente:
630 1626 653 1651 a
672 1613 905 1652 criminante
923 1624 1052 1652 autem

389 1682 433 1711 et
452 1671 571 1718 irato,
598 1664 792 1720 impulsor.
850 1667 925 1707 Hic
947 1668 1053 1707 adiu-

388 1741 456 1769 tor
473 1726 586 1779 fuit.-
614 1725 671 1764 hic
690 1724 854 1778 curauit]
887 1725 950 1764 De
970 1737 1051 1763 mo-

387 1798 433 1825 re
451 1783 656 1833 repetitum
675 1780 730 1819 est
750 1780 829 1820 hic:
860 1792 978 1832 quum
995 1779 1052 1819 di.

388 1842 498 1888 citur,
526 1838 600 1878 Hic
619 1838 772 1877 adiutor
779 1838 879 1888 suit,
912 1837 971 1875 hic
990 1850 1050 1876 cu-

384 1900 502 1939 rauit.
538 1896 600 1936 Sic
627 1895 736 1934 enim
763 1892 928 1934 solemus
954 1907 1050 1934 one·

384 1966 472 1997 rare
498 1951 724 1992 audientem
752 1953 927 2004 (onerare
953 1964 1050 1990 men·

387 2025 460 2052 tem
470 2009 668 2062 audientis)
681 2009 825 2047 meritis
836 2008 917 2046 eius
930 2020 1049 2059 quem

387 2066 603 2108 laudamus.
661 2061 823 2106 Deinde
842 2064 938 2116 quid
962 2078 1046 2103 non

384 2122 594 2179 praestitit,
624 2123 691 2172 qui
718 2132 757 2160 et
775 2120 948 2160 officium
969 2134 1048 2160 cor·

384 2182 504 2234 poris,
530 2189 568 2218 vt
585 2177 753 2217 adiutor:
775 2189 955 2217 etcuram
967 2179 1047 2217 ani-

385 2236 441 2279 mi
458 2234 644 2287 praebuit,
662 2245 699 2273 vt
716 2229 936 2278 consultor?
968 2236 1017 2274 D.

439 2298 513 2334 Pro
538 2293 640 2339 Hac,
671 2291 777 2342 quod
796 2295 945 2332 Faerno
964 2291 1046 2343 pla-

385 2351 482 2397 cuit,
512 2348 628 2388 nostri
649 2348 774 2390 Codd.
807 2347 909 2399 Istae.
970 2348 1044 2402 {gi-

383 2417 444 2446 tur
464 2404 594 2445 versus
614 2401 721 2444 causa
734 2418 883 2456 repone
895 2403 974 2455 Ista.
1004 2405 1043 2443 B.

446 2474 495 2503 12
531 2461 702 2514 Denique
738 2459 797 2500 hic
832 2461 910 2501 vult
934 2454 1042 2515 fieri]

383 2517 566 2560 Abutitur
585 2521 744 2564 Demea,
775 2512 896 2557 sciens
914 2516 1042 2569 prodi-

383 2587 474 2629 gam
501 2574 740 2613 voluntatem
775 2571 1039 2614 adolescentu-

383 2631 423 2672 li.
480 2632 529 2670 D.

435 2685 605 2739 Denique
636 2684 692 2724 hic
719 2686 798 2725 vult
831 2685 938 2741 fieri]
978 2687 1040 2727 Ne

378 2742 574 2786 videretur
583 2742 835 2785 hereditatem
845 2742 1039 2795 inuidere,

1705 1082 1772 1133 ¹5

1104 1208 1211 1268 quod
1230 1213 1476 1256 manumittat
1494 1209 1657 1256 seruum.
1689 1214 1772 1255 De·

1105 1273 1229 1323 nique
1247 1271 1430 1322 (seruum,
1440 1273 1506 1321 ait,
1517 1271 1687 1325 Denique
1704 1273 1772 1323 Z.)

1104 1329 1185 1368 vult
1229 1327 1329 1368 filius
1366 1326 1449 1368 fieri
1487 1327 1656 1368 liberum
1694 1325 1770 1379 ser-⁵

1104 1398 1209 1428 uum.
1266 1386 1359 1435 Qua
1393 1399 1437 1426 re
1471 1383 1698 1424 confirmata
1722 1384 1770 1424 li-

1103 1436 1174 1481 ber
1192 1441 1406 1480 conficitur.
1443 1441 1683 1495 Adiungitur
1700 1441 1768 1481 ali-

1103 1497 1157 1538 ud
1184 1511 1340 1537 munus.
1374 1498 1457 1538 vult
1483 1499 1591 1538 enim
1620 1511 1768 1552 conge·

1102 1555 1256 1595 minare
1296 1557 1451 1595 Demea
1489 1554 1769 1594 beneuolenti-

1102 1625 1177 1658 am,
1200 1622 1238 1650 vt
1259 1623 1298 1650 et
1316 1624 1410 1650 vxor
1430 1613 1516 1664 Syri
1536 1611 1659 1650 libera
1683 1611 1763 1652 fiat.

1101 1667 1248 1707 Merito
1268 1665 1365 1706 illud
1383 1666 1627 1720 adiungitur,
1655 1665 1765 1718 quod

1099 1725 1260 1775 primam
1282 1720 1382 1762 dedit
1401 1733 1494 1762 nato
1518 1736 1641 1775 puero
1651 1738 1765 1764 mam-

1099 1793 1215 1828 mam,
1243 1778 1346 1830 quafi
1364 1779 1439 1818 iam
1458 1779 1620 1819 infantis
1638 1793 1765 1832 nepo-

1101 1836 1148 1874 tis
1173 1837 1295 1889 gratia
1319 1835 1385 1874 illa
1412 1836 1576 1888 accipiat
1607 1836 1765 1877 liberta·

1100 1903 1192 1931 tem.
1264 1892 1521 1946 Adiungitur,
1557 1895 1763 1948 Argentum

1101 1945 1267 2001 accipito
1284 1963 1307 1988 a
1325 1962 1392 1998 me,
1411 1962 1488 2000 quo
1508 1949 1609 2001 quasi
1625 1949 1761 1992 beatus

1100 2016 1261 2057 propter
1282 2015 1483 2058 nepotem,
1507 2007 1625 2046 etiam
1639 2004 1759 2060 ipsam

1096 2062 1259 2102 liberam
1279 2061 1404 2102 saciat.
1462 2065 1506 2103 E.

1158 2131 1204 2172 13
1238 2119 1342 2169 Syre,
1367 2118 1452 2159 cho!
1482 2117 1607 2159 accede
1628 2119 1761 2162 hucad

1095 2176 1168 2229 me]
1200 2176 1337 2215 Vtrum
1371 2186 1411 2214 vt
1440 2177 1614 2216 eundem
1634 2191 1759 2218 manu

1095 2234 1256 2282 emittat,
1283 2246 1333 2271 an
1353 2242 1392 2270 vt
1410 2233 1534 2284 palam
1547 2232 1621 2281 fiat,
1642 2233 1757 2274 iubet

1094 2290 1258 2340 propius
1276 2288 1475 2336 accedere,
1503 2291 1594 2329 iuris
1615 2289 1757 2342 (publi-

1095 2348 1129 2385 ci
1157 2344 1264 2384 addit
1281 2342 1492 2397 Westerh.)
1513 2344 1756 2387 consuetudi-

1094 2415 1148 2442 ne
1176 2401 1341 2444 ludens?
1369 2405 1418 2442 Et
1443 2402 1534 2441 vide
1555 2416 1669 2454 quam
1689 2416 1756 2444 co·

1093 2460 1232 2498 micam
1250 2457 1607 2508 manumiffionem,
1635 2473 1752 2511 quam

1091 2513 1221 2555 facete
1249 2512 1447 2554 induxerit
1473 2527 1590 2568 atque
1617 2515 1752 2555 condi-

1090 2584 1181 2625 gne.
1239 2574 1290 2612 D.

1150 2638 1200 2678 14
1231 2629 1282 2666 Et
1295 2623 1461 2679 fiorfitm
1483 2623 1553 2666 tibi
1573 2638 1749 2680 praeter-

1089 2697 1143 2736 ea,
1162 2685 1321 2740 Demea]
1343 2683 1645 2727 EffecitDemea
1658 2685 1748 2735 plus

1630 2749 1751 2795 quam
