1827 3180
315 113 404 159 ET
443 111 832 180 PHRASIVM
878 108 1252 158 TERENTII.

117 224 319 264 redducunt
336 224 487 258 animum
514 236 554 260 :c
558 237 653 273 ggrot
655 237 674 259 ι
679 238 701 261 η
729 225 771 261 al

118 273 414 312 adserit-ordiam.
454 274 548 309 And.
579 277 620 314 ΙΙ,
651 285 685 321 3
716 286 771 318 ²7-

118 323 159 361 Si
178 323 224 359 ita
252 322 339 358 istuc
357 322 509 356 animum
537 323 678 359 induxti
703 322 771 359 esse

119 371 223 408 vtile.
252 368 368 408 And(
384 372 444 413 ΙΙΙ,
475 382 506 418 3,
533 383 591 418 4ο
644 375 771 409 Ιιιιιιη

119 420 271 457 animum
292 432 333 456 ex
350 420 465 455 animo
491 421 639 468 {petlaui
673 433 768 457 meo.

118 470 221 507 And.
247 470 311 510 lv,
335 481 365 512 1,
408 471 507 506 .Ne
526 470 600 506 illis
616 471 770 506 mimum

118 518 271 555 indum
295 519 451 554 credue.
477 519 578 555 And.
604 521 647 562 V,
671 532 701 561 1,
719 529 772 562 ις.

118 567 245 605 Anime
256 567 318 610 ini,
332 568 408 603 noli
425 579 460 603 te
477 580 664 604 macerare.
676 568 772 605 Aud-

118 617 185 658 lv,
216 630 248 658 2,
277 629 310 651 3.
363 617 502 664 scripta
530 617 593 653 illa
622 616 703 653 sunt
730 616 771 652 in

119 665 235 700 animo
248 665 354 701 dicia.
378 666 476 702 And.
490 667 515 708 l,
529 677 561 710 5,
572 676 630 710 48.
644 665 770 703 Adeste

119 726 237 760 aequo
257 713 382 748 animo.
395 715 488 752 And.
501 716 594 752 Prol.
611 727 667 760 34.
722 715 771 751 Ex

119 764 234 798 animo
256 761 393 804 omnia,
420 775 458 801 vt
475 762 548 800 fert
564 776 702 806 natura,
720 763 774 799 fa-

120 812 206 848 cias.
242 812 341 848 And.
371 813 436 854 lV,
466 826 502 859 4,
540 825 595 858 55.
645 813 773 849 Animo

123 872 224 898 nunc
251 861 322 897 iarn
359 861 479 898 otioso
517 862 587 898 effe
618 863 772 916 impero.

122 909 216 948 And.
238 911 286 952 V,
308 922 340 951 2,
361 922 389 945 ι.
442 910 548 947 Adeo
582 910 774 960 impotenti

123 958 192 995 esse
211 958 464 995 animo3And.
486 962 530 1002 V,
554 972 630 1007 3,8.
682 961 773 997 Non

122 1019 160 1044 tu
182 1019 282 1044 tuum
306 1009 437 1045 malum
455 1022 570 1058 aequo
590 1010 704 1044 ,mimo
720 1009 774 1046 fe-

125 1059 205 1092 res?
228 1058 327 1094 And.
343 1059 386 1100 V,
405 1071 441 1104 4,
464 1067 518 1099 ι8.
568 1059 777 1096 Sollicitan-

120 1107 172 1142 do
194 1118 228 1141 ιτ
247 1105 493 1153 pollicitando
506 1120 634 1144 eorum
646 1108 778 1143 animos

123 1154 256 1191 laetas?
281 1155 375 1192 And.
395 1157 441 1199 V,
464 1172 498 1203 4,
517 1168 552 1202 9.
600 1159 707 1194 Meus
722 1157 776 1192 fac

121 1204 164 1240 Ιῐς
183 1204 327 1246 animus,
337 1205 485 1254 quando
505 1218 575 1255 ego
591 1206 667 1242 sum
680 1218 776 1243 tuus.

125 1253 215 1289 Eun.
246 1254 273 1294 l,
320 1257 408 1294 ,.16
456 1256 643 1302 Inpendio
665 1256 776 1304 magis

123 1301 259 1337 animus
275 1303 451 1351 “audebat
473 1304 574 1340 mihi.
598 1306 690 1341 Eun.
715 1306 774 1348 ΙΙΙ,

126 1363 161 1395 5,
188 1362 243 1398 39.
275 1332 369 1387 ”iam
396 1353 532 1390 dudum
559 1355 694 1389 animus
726 1355 775 1389 est

125 1400 166 1436 in
187 1400 328 1447 patinis.
358 1401 449 1437 Eun.
469 1404 528 1444 lV,
548 1415 583 1447 7,
598 1408 652 1446 56.
705 1402 776 1439 Eii-

125 1449 259 1485 ciunda
279 1450 400 1486 hercle
421 1452 470 1487 est
489 1453 577 1488 haec
602 1451 776 1488 mollities

122 1498 245 1533 animi.
273 1500 364 1535 Eun.
386 1501 427 1541 ll,
449 1505 547 1542 1,16.
598 1502 649 1537 Vt
672 1499 777 1537 falsus

124 1548 234 1582 enimi
253 1561 303 1583 es.
333 1549 424 1584 Eun.
437 1550 482 1591 ll,
494 1560 594 1597 2,43.
607 1550 686 1586 vide
699 1550 778 1586 No.

125 1609 189 1632 tas.
241 1597 342 1644 Quid
362 1597 414 1633 illi
435 1598 551 1635 credis
570 1611 645 1635 tum
668 1597 778 1633 animi

125 1644 253 1682 fuisse?
278 1649 369 1683 Eun.
391 1647 436 1689 V,
451 1650 486 1688 6,
502 1659 556 1693 ¹4·
609 1648 702 1684 lllud
720 1648 777 1684 in·

125 1707 273 1742 ceptum
304 1695 415 1730 animi
453 1696 502 1732 est
535 1696 704 1745 pudentis
739 1695 776 1732 fi-

126 1755 242 1834 fnum
266 1756 302 1781 et
331 1757 410 1781 non
440 1745 625 1782 instrenui.
646 1748 776 1782 fleant.

146 1819 156 1834 ‚
180 1805 193 1828 1
231 1796 290 1833 68.
342 1796 439 1830 Haec
457 1795 608 1841 perinde
625 1795 719 1838 sunt,
740 1805 778 1831 vt

127 1841 229 1877 illius
267 1841 422 1884 animus,
456 1844 518 1892 qui
547 1856 586 1878 ea
616 1845 776 1891 poffidet.

130 1892 262 1926 Heaut.
282 1891 315 1932 l,
336 1903 369 1932 2,
383 1901 439 1927 31.
486 1892 709 1929 Animusvbi
729 1893 777 1929 le·

131 1940 202 1974 mel
229 1938 263 1974 se
277 1939 473 1987 cupiditate
492 1941 656 1978 deuinxit
675 1941 775 1977 mala.

133 1989 668 2034 Heaut.1„35.Ne1cio
690 1990 776 2039 quid

133 2037 296 2084 protetio
319 2038 366 2074 ini
387 2037 518 2073 animus
529 2039 779 2095 praesagitum·

132 2087 169 2122 li
199 2087 330 2122 Heaut.
362 2088 408 2127 ll,
432 2099 465 2128 3,
482 2099 516 2130 7.
569 2088 718 2124 Animus
743 2100 779 2124 te

132 2145 213 2182 erga
236 2135 334 2171 idem
358 2147 398 2170 ac
419 2134 500 2170 fuir.
525 2136 654 2172 Heaut
682 2138 724 2178 ll,
748 2146 781 2182 3,

131 2195 189 2228 34.
240 2184 405 2219 Animum
441 2186 632 2221 aducrrunt
668 2186 783 2241 graui-

132 2243 194 2267 ter.
231 2234 360 2269 Heaur.
390 2234 415 2269 l!
423 2234 450 2274 Ι,
489 2244 522 2280 3,
551 2246 584 2277 9.
636 2233 784 2270 Animus

135 2292 329 2317 maternus.
351 2282 480 2317 fleam.
495 2283 557 2324 lv,
583 2295 612 2325 1,
626 2295 668 2329 34
674 2282 782 2319 ,Νἰίῖ

135 2343 191 2365 inc
212 2331 347 2364 animus
365 2330 471 2366 lallit.
502 2333 632 2368 Heaut.
660 2331 723 2372 lV,
749 2344 784 2373 3,

139 2390 169 2414 ι.
193 2380 231 2415 ln
255 2379 314 2427 spe
330 2379 508 2427 pendebit
519 2381 637 2416 animi.
654 2382 781 2417 licant.

132 2428 199 2469 lv.
227 2443 262 2474 4,
295 2440 326 2472 ς.
377 2429 463 2465 vide
482 2428 605 2466 Notas.
658 2430 783 2466 Am'mo

133 2489 334 2525 exoptatam
355 2490 450 2513 mco.
481 2480 610 2515 Fleant.
624 2479 666 2521 ll,
681 2493 712 2524 4,
730 2488 783 2534 38.

134 2526 366 2574 Opinionem
388 2526 479 2561 hanc
497 2528 686 2575 quaemihi
708 2528 784 2561 ani

133 2587 186 2610 mo
213 2587 421 2625 exaugeam.
452 2578 584 2614 aeaut.
607 2577 650 2619 ΙΙ,
683 2590 716 2619 3,
749 2586 779 2624 3.

1407 127 1470 172 45

823 224 908 261 vide
933 225 1061 261 Notas.
1115 226 1164 261 Vt
1199 222 1473 261 illius'animum

820 273 992 322 cupidum
1058 273 1181 322 inopia
1246 273 1471 311 incenderet.

819 324 953 359 Heaut.
982 324 1026 361 ΙΙ,
1061 333 1095 370 3,
1125 325 1206 360 136.
1284 323 1344 359 Illi
1372 323 1475 360 suum

817 371 969 407 animum
993 371 1066 408 alio
1096 373 1308 409 conf.erunt
1340 373 1472 408 Heaut.

819 422 865 463 ll,
891 433 927 467 4,
958 432 1012 456 ιο.
1063 421 1100 457 Si
1132 420 1241 457 scnel
1271 433 1373 464 tuum
1400 422 1476 455 ani

821 482 913 505 mum
929 469 995 505 ille
1013 466 1247 506 intellexerit.
1265 472 1395 508 Heaut
1415 471 1476 512 ΙΙΙ,

827 531 859 561 1,
882 522 940 562 69
975 519 1089 555 Mihi
1107 519 1256 565 quidem
1284 519 1384 556 addit
1400 519 1476 553 ani.

821 580 923 604 mum.
948 568 1080 604 Heaut.
1095 569 1156 609 ΙΙΙ,
1176 579 1280 615 3,3ι.
1309 568 1475 605 Animum

821 628 900 654 non
919 617 1060 653 aduorti
1088 618 1257 664 primum.
1269 619 1406 654 Heaut.
1412 619 1476 659 lv,

845 676 936 713 ,.43
963 667 1012 702 Vt
1030 666 1108 702 eius
1124 665 1288 708 animum,
1298 667 1360 715 qui
1374 678 1478 702 nunc

820 713 959 751 luxuria
980 727 1013 751 et
1035 715 1177 751 laiciuia
1197 715 1340 756 diffluit,
1351 727 1477 752 retun-

821 764 915 800 dam.
933 765 1065 800 Heaut
1087 766 1131 804 V.
1161 775 1191 806 1,
1209 776 1266 807 72·
1312 766 1477 802 Omnem

822 814 869 850 de
903 826 961 848 me
983 813 1131 850 eicaerit
1167 813 1318 849 animum
1354 814 1476 862 patris.

823 865 954 899 Heaut.
969 863 1016 905 V,
1032 875 1065 905 2,
1086 876 1120 898 3.
1174 863 1232 899 Ne
1249 863 1338 900 istuc
1349 863 1388 899 in
1401 863 1478 897 ani-

823 924 914 947 mum
942 912 1093 948 indutas
1122 923 1239 948 tuum.
1270 914 1398 949 Heaut.
1431 913 1478 954 V,

825 975 860 1006 4,
881 972 912 1005 5.
962 962 1092 997 Credas
1133 961 1285 996 animum
1314 962 1365 999 ibi
1394 962 1476 998 eil'e.

827 1012 960 1047 Heaut.
989 1011 1033 1054 V,
1058 1022 1089 1053 5,
1121 1021 1177 1054 19.
1229 1013 1335 1048 Bono
1362 1010 1478 1046 animo

827 1072 876 1096 es.
900 1060 1241 1101 Heaut.1v,6.1s.
1291 1061 1480 1096 Animofe-

826 1121 865 1144 re
889 1109 1121 1144 conturbato.
1153 1085 1287 1145 licant.
1316 1111 1343 1152 l,
1367 1122 1398 1152 1,
1417 1120 1477 1153 70.

827 1159 923 1194 Cum
951 1169 1096 1206 egomet
1126 1169 1227 1194 nunc
1266 1171 1412 1194 mecum
1438 1158 1479 1194 in

825 1207 939 1241 animo
984 1208 1093 1243 vitam
1137 1218 1235 1243 tuam
1270 1206 1475 1244 confidere.

826 1257 954 1292 Heaut.
968 1257 1012 1298 ll,
1030 1269 1064 1301 4,
1090 1266 1123 1301 5.
1175 1256 1213 1292 Si
1231 1267 1268 1292 te
1295 1268 1367 1292 tam
1404 1253 1483 1296 leni

826 1317 862 1341 et
889 1304 985 1341 visto
1014 1304 1082 1341 effe
1117 1305 1231 1340 animo
1265 1304 1478 1342 ostenderis.

826 1354 962 1390 Heaut.
1000 1355 1064 1395 ΙΙΙ,
1097 1366 1129 1396 1,
1168 1366 1227 1399 39.
1271 1357 1480 1392 Tantamne

826 1402 896 1439 effe
920 1402 958 1438 in
985 1402 1098 1438 animo
1117 1403 1324 1441 inscitiam?
1349 1406 1478 1441 Heaut.

825 1453 892 1492 IV,
914 1463 944 1493 1,
968 1464 1020 1495 ¹7.
1073 1454 1131 1489 Ne
1161 1466 1261 1490 nunc
1286 1453 1401 1488 animo
1430 1452 1482 1488 ita

826 1500 914 1536 effes
926 1500 1478 1549 duro.}{eaut.1v‚1,52.Qem-

827 1561 986 1598 quamne
1004 1562 1076 1586 tam
1097 1552 1212 1586 animo
1232 1551 1330 1587 comi
1356 1550 1424 1587 else
1443 1560 1481 1585 et

826 1598 904 1635 leni
925 1601 1053 1646 putas?
1076 1601 1207 1638 Heaut.
1222 1602 1268 1643 V,
1283 1611 1384 1647 1,39.
1414 1599 1482 1635 Ti-

827 1647 865 1684 bi
886 1649 982 1684 bene
1005 1660 1045 1684 ex
1073 1649 1188 1686 animo
1214 1650 1316 1687 volo.
1347 1650 1481 1686 fleant.

826 1698 875 1739 V,
898 1709 932 1740 3,
951 1701 983 1734 6.
1036 1697 1110 1734 Vbi
1134 1711 1170 1735 te
1188 1699 1265 1736 vidi
1287 1700 1400 1734 animo
1412 1698 1483 1734 ess'e

826 1745 970 1782 omiffo.
987 1747 1118 1783 Heaut.
1131 1750 1181 1791 V,
1201 1761 1236 1790 2,
1256 1761 1288 1793 9.
1341 1750 1399 1785 Te
1427 1747 1484 1783 vi·

827 1795 896 1831 deo
924 1796 1066 1831 nostrae
1104 1797 1260 1833 familiae
1285 1811 1328 1834 ex
1365 1796 1481 1831 animo

827 1844 958 1880 faelum
977 1845 1085 1881 velle.
1109 1846 1267 1894 Adelph.
1290 1848 1336 1888 V,
1363 1858 1398 1890 7,
1421 1857 1480 1882 21.

827 1894 888 1928 Tu
922 1893 1011 1929 mihi
1041 1906 1077 1930 es
1117 1907 1309 1944 germanus
1353 1895 1482 1943 patitcr

827 1941 941 1976 animo
958 1955 998 1978 ac
1018 1954 1181 1990 corpore.
1210 1945 1368 1991 Adelph
1392 1945 1435 1985 V,
1448 1952 1485 1986 8.

831 2001 887 2038 34.
940 1993 1045 2028 Tuus
1066 1992 1189 2028 hercle
1206 2006 1292 2029 vero
1312 2005 1348 2029 et
1366 1993 1482 2028 animo

830 2050 867 2075 et
889 2051 1012 2076 natura
1032 2053 1072 2096 pp.
1058 2052 1142 2077 ⁸,teia
1173 2042 1330 2089 Adelph.
1343 2043 1390 2083 V,
1400 2053 1434 2085 7,
1445 2055 1481 2089 4.

829 2089 988 2125 ludicaui
1005 2090 1119 2124 animo
1139 2104 1237 2127 mco.
1263 2091 1419 2138 Adelph.
1436 2092 1483 2135 V,

832 2141 867 2178 6,
877 2150 909 2183 4.
961 2140 1189 2181 Fortunatus,
1209 2139 1272 2188 qui
1293 2139 1484 2176 istoaem’mo

821 2185 906 2240 fies.
933 2187 1090 2241 Adelph.
1114 2189 1158 2230 V,
1179 2199 1211 2236 3,
1230 2192 1289 2225 66.
1340 2190 1439 2226 Hace
1461 2189 1486 2227 Ιῖ

833 2235 936 2270 voles
977 2248 1015 2271 in
1052 2236 1166 2270 animo
1193 2251 1279 2274 vere
1311 2240 1483 2285 cogitare.

834 2283 987 2331 Adelph.
1005 2286 1049 2325 V,
1063 2294 1094 2331 3,
1119 2295 1174 2330 32.
1224 2288 1482 2335 Aequoam‘mo

831 2331 925 2367 fen„
947 2333 1104 2380 Adelph.
1127 2314 1187 2377 lV,
1209 2347 1242 2380 7,
1268 2348 1326 2372 3ο.
1378 2338 1483 2383 Qin

837 2393 874 2417 tu
898 2382 1001 2417 bono
1030 2383 1144 2418 animo
1164 2396 1212 2420 es.
1244 2386 1401 2432 Adelph.
1422 2389 1485 2431 lV,

837 2442 917 2476 4.
940 2433 1042 2467 Bono
1064 2444 1177 2466 ammo
1197 2434 1251 2470 fac
1262 2433 1312 2470 fis.
1325 2399 1481 2483 Apdclph.

835 2479 894 2518 ΙΙΙ,
919 2490 951 2523 5,
977 2492 1004 2517 ι.
1019 2482 1095 2517 Vos·
1116 2494 1232 2530 aequo
1249 2484 1361 2519 animo
1374 2498 1424 2520 ιι·
1415 2499 1485 2532 μη

835 2540 886 2563 nn
864 2528 985 2564 oscen·
1007 2542 1160 2577 oportet.
1184 2533 1339 2580 Adelph.
1363 2537 1420 2574 ΙΙΙ,
1449 2550 1484 2580 4,

836 2585 890 2620 58
938 2580 1020 2616 Hoc
1049 2590 1086 2616 tu
1122 2579 1231 2618 facito
1254 2594 1339 2620 cum
1370 2585 1484 2638 afim

1335 2646 1415 2681 cogi
1408 2634 1485 2670 ΙΝ
