1827 3180
602 197 692 244 PH
709 199 887 246 ORMI
900 202 960 248 O.

1359 220 1455 268 517

220 321 325 372 AN.
370 321 680 373 Miseritum'st.
727 326 830 375 PH.
870 328 942 375 hei
971 331 1084 377 veris
1122 331 1298 378 vincor!
1341 327 1456 389 GE(

317 418 448 465 quarn
471 413 651 466 vterque
675 401 735 449 est
754 401 898 450 similis
919 404 1005 454 sui!

215 473 312 524 Pu.
351 481 536 540 Neque,
570 479 772 543 Antipho
804 479 882 526 alia
911 495 1053 543 quum
1085 492 1325 549 occupatus
1347 478 1450 530 esset
1511 541 1514 543 ,

312 551 617 605 sollicitudine„

137 773 188 814 16
232 770 422 811 Merisum
463 772 528 828 est]
578 779 737 818 Efewm'ae.

79 827 152 868 Hei
189 832 285 866 veris
326 829 508 883 πίπτω-Ι]
550 831 636 869 Hoc
668 829 737 869 fibi

79 884 176 923 dicit
197 881 430 923 adolescens.
493 888 540 925 D.

136 942 208 980 Hic
238 941 342 979 locus
373 939 424 979 est
441 953 532 979 crux
551 942 737 993 interpre-

78 1008 170 1044 tum,
191 995 288 1034 adeo
311 1007 346 1034 vt
363 996 555 1048 Guyetus‚
589 1009 674 1036 curn
696 994 733 1036 se

78 1065 128 1092 ex
168 1051 392 1092 difficultate
427 1052 612 1104 expedire
650 1066 732 1092 non

77 1105 213 1161 poss‘et,
244 1107 346 1146 hunc
370 1106 517 1147 versum
536 1122 621 1148 cuin
642 1109 731 1147 duo.

77 1165 149 1204 bus
186 1162 288 1215 seqq.
329 1163 541 1204 delendum
571 1176 731 1216 putaret.

76 1221 210 1273 Vulgo
242 1221 400 1272 Vterque
426 1220 476 1261 de
501 1223 664 1260 Lenone
692 1231 735 1260 et

76 1276 262 1318 Phaedria
292 1276 536 1330 intelligunt,
565 1275 731 1316 sednon

76 1346 157 1372 vno
178 1332 315 1371 modo:
342 1333 404 1370 alii
422 1334 528 1372 enim
539 1334 733 1384 accipiunt

77 1389 130 1428 de
184 1387 438 1428 iimiiitudine
476 1389 726 1439 pertinaciae,

75 1444 294 1486 Phaedriae
314 1444 354 1482 in
380 1443 573 1495 petendo,
598 1455 636 1482 et
665 1447 732 1484 Le-

75 1501 191 1539 nonis
212 1501 251 1538 in
277 1498 558 1538 concedendo:
589 1500 653 1538 alii
683 1499 733 1537 de

73 1555 496 1608 fimilitudiileingenii,
518 1554 623 1606 quod
638 1565 731 1594 vter-

73 1624 152 1663 que
172 1609 398 1650 conseruare
415 1610 582 1656 studeat3
609 1610 730 1652 Phae-

71 1668 155 1706 dria
176 1667 358 1706 nimirum
380 1668 420 1704 in
433 1665 642 1712 honestate,
662 1669 729 1706 Le-

73 1737 127 1764 no
144 1725 183 1762 in
202 1722 344 1761 duritie
365 1719 561 1762 seruanda.
620 1725 729 1762 Vtra-

71 1793 150 1832 que
165 1779 261 1818 ratio
281 1790 453 1818 conserta
473 1775 550 1817 esse
562 1778 727 1817 videtur.

70 1837 112 1878 Si
132 1835 297 1888 vulgatis
316 1835 579 1884 interpretatio
597 1834 647 1873 de
663 1847 729 1872 no-

72 1893 181 1930 mine
192 1891 350 1943 Vterque
371 1890 425 1929 est
436 1890 600 1936 tuenda;
622 1890 725 1941 equi-

73 1947 162 1986 dem
184 1961 204 1985 a
221 1948 317 1986 Geta
335 1945 448 1986 vei-ba
470 1946 575 1986 Veris
597 1947 728 1986 vincor

72 2001 225 2055 speum-i
263 2013 379 2053 puto,
423 2013 461 2040 vt
504 1998 631 2040 sensus
671 2000 726 2047 fit,

69 2069 277 2108 vti-umque
298 2059 393 2097 veris
415 2059 517 2096 vinci
539 2068 578 2096 et
596 2069 728 2097 moue-

71 2115 102 2152 ri
118 2142 126 2159 ,
159 2111 380 2152 Phaedriam
399 2115 494 2152 veris
513 2126 611 2164 quae
629 2112 727 2151 diua

72 2169 155 2213 sint,
175 2171 374 2207 Lenonem
394 2167 507 2207 rebus
528 2167 624 2219 ipsis,
644 2170 666 2207 i.
688 2181 723 2208 e.

72 2224 220 2276 pretio,
265 2236 346 2261 non
382 2224 578 2275 promissis,
644 2226 723 2262 Ve-

72 2294 156 2320 rum
175 2277 332 2318 fortassis
350 2279 488 2317 melius
506 2290 545 2316 et
562 2280 617 2318 rei
635 2291 721 2317 cou-

69 2335 294 2374 uenientius
322 2333 398 2382 est,
435 2333 459 2372 fi
488 2333 645 2386 Vterque
673 2333 723 2371 de

70 2390 222 2431 duobus
253 2387 397 2428 miseris
417 2387 725 2427 adolescentibus

69 2446 276 2499 acceperis,
297 2446 347 2484 ita
367 2457 403 2484 vt
421 2447 519 2484 Geta
533 2443 641 2492 dicar,
662 2444 722 2483 vel

67 2514 275 2553 Vtrumque
297 2502 390 2540 veris
402 2501 517 2550 vinci,
530 2499 721 2551 Antipho-

70 2572 162 2598 nem
198 2570 284 2596 vera
320 2555 469 2595 miseria
495 2555 717 2603 Phaedriae,

68 2625 108 2653 et
127 2613 351 2654 Phaedriam
371 2614 467 2652 veris
488 2611 595 2650 diuis
616 2612 722 2650 leno-

70 2671 126 2710 nis
138 2684 152 2718 ;
181 2670 243 2709 vel
274 2666 338 2708 suo
358 2680 559 2720 vtrumque
578 2667 723 2714 labora,

772 650 786 667 s
1317 638 1445 682 Tum

787 787 830 814 re
847 776 962 825 malo,
981 776 1250 828 Antiphonem
1269 779 1445 818 vincive·

787 832 837 870 ris
857 833 1094 885 argumentis
1113 834 1244 882 Patris,
1262 833 1446 874 Phaedri-

787 901 849 926 am
871 889 1050 928 Lenonis.
1107 890 1148 929 Si
1177 891 1237 928 cui
1268 903 1360 930 vero
1389 892 1444 929 ni-

786 942 842 981 hil
873 943 1013 984 horum
1036 944 1207 996 placeam
1234 945 1348 986 verba
1369 949 1442 986 Ge-

784 1009 845 1038 tae
865 999 915 1039 de
936 1001 1103 1040 Lenone
1122 1001 1355 1042 etPhaedria
1372 1015 1444 1055 per

783 1062 941 1106 εἰρωνείαν
960 1056 1037 1095 dici
1057 1057 1261 1110 intelligat.
1316 1062 1358 1099 Z-

842 1123 892 1166 17
912 1112 1043 1165 Neque
1063 1113 1225 1164 Antipho
1236 1113 1310 1152 alia
1329 1127 1442 1167 quum

783 1180 978 1219 occupatus
991 1168 1339 1224 effetfillicitudine]
1351 1172 1441 1210 Hoc

781 1223 886 1263 dolet
905 1223 1102 1269 Phaedria,
1124 1226 1229 1277 quod
1248 1225 1439 1266 ineadem

781 1293 823 1320 re
843 1279 1032 1320 laborauit
1050 1282 1240 1332 Antipho,
1260 1281 1297 1320 id
1311 1282 1377 1328 est,
1398 1283 1439 1321 in

780 1349 936 1374 amore:
958 1337 1143 1387 quodque
1153 1338 1336 1390 (quodque
1347 1338 1438 1388 vna)

782 1404 910 1430 amare
935 1393 1154 1444 contigerit.
1210 1393 1343 1445 Neque
1362 1395 1437 1432 An-

780 1446 883 1497 tipho
911 1447 1003 1500 alia]
1035 1448 1197 1488 Minore
1225 1449 1351 1499 aliqua
1370 1446 1438 1487 sol-

780 1501 980 1541 licitudine
1000 1516 1113 1553 quam
1126 1503 1219 1542 haec
1231 1503 1294 1551 est,
1318 1517 1435 1554 quam

780 1571 884 1596 nunc
905 1559 1019 1611 gerit.
1077 1560 1142 1598 An
1161 1560 1258 1606 Alia,
1283 1571 1436 1609 praeter

779 1612 888 1660 hanc,
910 1627 1024 1664 quam
1048 1613 1098 1652 de
1116 1627 1179 1653 me
1205 1614 1331 1667 gerit?
1361 1617 1434 1654 Or·
1472 1648 1474 1651 ,

779 1669 828 1708 do
868 1680 907 1707 et
943 1666 1069 1708 sensus
1099 1669 1161 1708 hic
1190 1669 1261 1717 est,
1295 1673 1435 1722 Neque

780 1735 860 1763 tum
886 1721 963 1764 effe
996 1723 1093 1764 mihi
1124 1724 1198 1764 hoc
1237 1725 1434 1766 obieelum

778 1781 934 1828 malum,
955 1794 1072 1832 quum
1083 1780 1260 1833 Antipho
1280 1782 1352 1821 alia
1364 1780 1434 1821 sol·

778 1835 977 1875 licitudine
1005 1835 1100 1876 esset
1127 1849 1332 1889 occupatus
1351 1838 1431 1876 leui

778 1893 973 1944 quapiam,
1001 1906 1082 1931 non
1109 1893 1179 1932 hac
1202 1893 1252 1932 de
1273 1895 1432 1945 nuptiis,

775 1961 875 2000 quae
895 1948 949 1986 est
971 1950 1196 2000 grauiffima.
1257 1948 1307 1989 D.

828 2004 970 2056 Neque,
994 2005 1158 2057 Antipho
1185 2005 1258 2044 alia
1281 2018 1357 2044 cum
1374 2018 1431 2045 oc·

777 2070 921 2111 cupatur
950 2057 1030 2111 eJJst
1044 2060 1311 2110 sollicitudine,
1350 2074 1431 2100 tum

777 2116 842 2154 hoc
861 2114 922 2167 effe
940 2115 1031 2154 mihi
1048 2115 1221 2155 obieftum
1241 2117 1400 2156 malum!
1410 2115 1429 2168 ]

775 2175 878 2212 Vei-e
900 2184 1002 2210 nunc
1022 2169 1244 2225 ingemisco,
1272 2184 1335 2210 me
1354 2171 1428 2209 hoc

773 2239 946 2277 ternpore
969 2230 1054 2279 cogi
1076 2242 1218 2273 amare,
1254 2240 1329 2277 quo
1348 2230 1429 2265 An·

773 2282 883 2334 tipho
903 2283 941 2321 in
953 2282 1026 2320 alia
1047 2281 1307 2321 sollicitudine
1320 2294 1428 2320 occu-

773 2348 882 2388 patus
904 2336 1001 2376 mihi
1021 2339 1203 2377 auxilium
1222 2336 1324 2376 serre
1345 2350 1426 2376 non

772 2392 906 2444 potest.
964 2395 1006 2432 Ε.

823 2448 949 2499 Neque
963 2476 972 2494 ‚
1010 2447 1175 2501 Antipho
1217 2449 1291 2487 alin
1327 2445 1424 2502 dn]

770 2503 967 2543 Bentleius
987 2514 1115 2555 putat,
1147 2503 1240 2542 haec
1265 2518 1287 2543 a
1307 2503 1423 2544 Phae-

772 2558 854 2597 dria
882 2572 931 2598 ex
959 2559 1108 2598 inuidia
1128 2558 1222 2608 dici,
1252 2572 1423 2611 eumque

772 2615 900 2665 queri,
935 2612 970 2654 se
997 2626 1074 2653 tum
1100 2616 1140 2654 in
1168 2612 1426 2654 sollicitudine

771 2666 868 2718 effe,
894 2683 981 2708 cum
997 2669 1175 2723 Antipho
1202 2670 1244 2710 fit
1264 2670 1426 2710 beatim-

882 2725 958 2764 Kk
991 2740 1014 2779 3
1330 2739 1423 2765 mus.
