1875 3292
370 190 461 240 182

767 187 936 234 ACT.1
957 189 1009 233 V.
1043 187 1071 233 S
1087 187 1240 234 CEN.
1269 188 1344 235 111.

504 314 850 363 Faciundum'st:
887 326 1106 363 caeterum
1128 332 1204 362 rus
1224 333 1315 362 cras
1335 331 1438 364 cum
1458 312 1549 364 filio
1730 363 1747 367 -

414 408 474 457 ςς
510 395 624 440 Cum
656 393 803 456 primo
833 393 936 439 lucu
968 392 1043 440 ibo
1074 391 1194 439 hinc.
1235 388 1336 439 Mt.
1373 395 1514 440 immo
1537 390 1593 439 de
1611 388 1745 441 noste
1801 386 1821 399 ⁹

604 467 778 515 censeo:

505 543 659 592 Hodie
678 544 812 592 modo
836 544 1026 591 hilarum
1048 543 1113 591 fac
1140 552 1196 592 te.
1218 540 1312 590 DE.
1335 555 1380 592 et
1397 541 1516 591 istam
1529 543 1746 609 psaltriam

504 624 607 668 Vna
629 620 733 667 illuc
756 637 932 668 mecum
953 619 1056 668 hinc
1068 617 1326 668 abstraham.
1347 618 1438 668 M1.
1459 622 1750 686 pugnaueris-

429 853 484 896 54
527 842 721 883 Caeterum
749 854 812 881 rus
847 854 924 882 cum
950 839 1036 894 filio

375 911 462 940 cum
484 901 603 952 primo
637 900 718 939 Iucu
738 899 799 938 ibo
819 898 921 954 hinc]
954 902 1040 939 l-loe

377 955 471 995 ideo
492 955 595 1000 facit,
628 955 730 1007 quafi
751 956 925 1009 gaudere
941 956 1041 994 inte·

379 1014 450 1052 rim
470 1025 553 1051 non
573 1011 704 1064 pollit‚
738 1010 808 1051 nisi
830 1009 869 1051 se
890 1012 1041 1051 vicinae

377 1066 564 1108 saeuitiae
576 1068 823 1120 proximitate
831 1065 979 1110 soletur.
992 1069 1041 1108 D.

437 1192 490 1235 55
523 1181 612 1221 Cum
626 1183 750 1234 primo
769 1180 868 1225 lucu]
898 1178 1043 1221 Χποσιῶ.

379 1253 479 1281 πησις
505 1237 749 1289 (Α’ρχαΐσμδς).
810 1238 903 1279 Cum
920 1241 1043 1289 primo

381 1292 485 1341 lucu]
518 1297 685 1334 Veteres
703 1293 886 1334 dicebant
914 1294 1044 1343 lucum,

382 1364 455 1403 pro
491 1349 586 1399 luce,
624 1352 696 1403 pr‘o
729 1347 808 1391 sole
837 1360 1047 1403 ponentes.

381 1411 491 1460 Ergo
522 1407 612 1447 Cum
634 1408 760 1461 primo
793 1408 897 1454 lucu,
929 1419 1051 1460 quum

383 1464 560 1517 primum
587 1461 640 1503 sol
664 1465 837 1516 coeperit
859 1460 1050 1503 illucesce·

385 1533 444 1560 re.
507 1521 599 1560 Cum
615 1522 740 1572 primo
761 1519 856 1570 lucu]
887 1523 1052 1560 Veteres

385 1573 602 1617 masculino
623 1589 774 1629 genere
795 1576 980 1616 dicebant
999 1576 1053 1614 lu·

386 1634 630 1684 amaneus.
664 1632 794 1673 Guido
817 1632 1047 1679 quenalis).

385 1687 455 1729 Ibo
487 1688 585 1738 hinc]
635 1690 844 1739 Tanquam
871 1688 923 1726 de
950 1687 1051 1726 malo

386 1745 492 1784 loco.
576 1743 639 1783 De
684 1745 816 1798 noc'ie]
864 1743 1053 1785 Abundat

387 1801 446 1842 de.
503 1801 552 1840 D.

448 1858 509 1897 De
544 1855 647 1896 noete
685 1854 819 1907 cenfio]
867 1859 1054 1897 Tantum-

387 1912 512 1955 modo
531 1911 606 1951 hoc
627 1925 713 1965 age,
736 1924 773 1952 vt
791 1913 904 1952 nofle
915 1911 1052 1957 dones,

391 1969 609 2010 dummodo
638 1968 758 2010 hodie
785 1968 971 2021 praebeas
998 1967 1056 2007 hi-

391 2027 596 2067 laritatem.
656 2028 698 2066 Ε.

448 2081 574 2122 Nostri
613 2080 740 2123 Codd.
789 2079 952 2121 vniuerfi
989 2079 1051 2128 sic,

395 2138 492 2179 cum
520 2141 643 2191 prima
671 2139 749 2178 luce
781 2137 843 2177 ibo
871 2148 945 2177 etc.
1002 2142 1056 2178 At

393 2193 525 2234 versus
571 2196 623 2233 ita
660 2194 714 2233 est
749 2193 846 2233 iusto
885 2194 1052 2246 longior.

393 2254 566 2292 Faernus
598 2249 809 2291 delendum
835 2250 947 2289 Immo
969 2263 1055 2288 cen-

394 2305 472 2355 set3
499 2318 631 2346 contra
660 2304 902 2347 sententiam.
956 2307 1058 2346 Poti-

396 2377 443 2402 us
464 2364 565 2402 eiice
584 2364 652 2402 Ibo
672 2362 767 2412 hinc,
799 2363 908 2414 quod
927 2365 1058 2404 Dona-

398 2430 459 2457 tus
483 2434 563 2458 non
585 2418 721 2473 leg-isse
741 2419 904 2459 videtur.
963 2419 1060 2460 Cae·

399 2487 525 2514 terum
567 2476 641 2525 leg.
691 2476 781 2514 Cum
817 2479 938 2529 primo
974 2475 1059 2513 luci.

397 2533 499 2571 Nam
532 2531 642 2572 Laos.
680 2531 783 2582 quod
813 2532 866 2571 ost
888 2531 1060 2570 aducl‘bi-

400 2600 479 2631 um,
503 2597 539 2624 rt
559 2588 689 2633 Mam,
709 2600 812 2627 extat
829 2590 868 2627 in
880 2588 978 2629 (jod.
996 2591 1060 2628 Fa-

398 2643 522 2687 bricii,
544 2654 581 2680 et
603 2642 648 2681 fic
666 2644 998 2689 laudatChatilius
1011 2657 1060 2684 ex

399 2696 577 2741 Sisenna.
635 2702 675 2741 Β.

1679 699 1753 745 Eo

1145 840 1201 893 56
1240 839 1316 881 Fac
1350 843 1401 892 te]
1441 838 1595 881 Eodem
1629 839 1750 881 verbo

1091 899 1231 946 vtitur,
1261 910 1341 949 quo
1360 897 1608 938 iamdudum:
1641 908 1680 937 vt
1699 897 1754 936 la·

1088 955 1226 994 borem
1245 953 1295 994 ad
1320 953 1508 992 laetitiam
1528 950 1568 994 se
1585 954 1756 993 conuer-
1786 978 1788 980 -

1091 1012 1209 1052 tentis
1236 1010 1428 1049 ostendat:
1459 1010 1498 1049 id
1518 1009 1593 1058 est,
1623 1009 1754 1049 elabo-

1091 1083 1132 1109 ra
1150 1079 1188 1105 vt
1206 1066 1249 1106 {is
1268 1067 1396 1107 hilaris
1415 1066 1509 1118 (Fac
1529 1080 1578 1108 te.
1603 1080 1678 1106 non
1699 1065 1755 1106 di-

1091 1129 1154 1165 xit
1179 1122 1290 1176 Esto5
1317 1122 1388 1174 fid
1413 1121 1582 1172 elabora,
1620 1136 1662 1163 vt
1692 1121 1756 1175 ff

1086 1177 1198 1235 poffis
1209 1181 1354 1221 hilaris.
1373 1184 1545 1231 Vterque
1561 1178 1662 1232 lib.).
1704 1180 1759 1219 Et

1094 1237 1195 1291 istam
1211 1238 1409 1290 psaltriam
1426 1250 1499 1275 vna
1519 1235 1602 1274 illuc
1618 1249 1757 1276 mecum

1097 1295 1181 1334 hinc
1206 1292 1430 1348 abstrahant]
1459 1293 1563 1334 Vide
1589 1291 1756 1346 lingulas

1099 1349 1282 1406 syllabas,
1313 1348 1479 1390 imbutas
1500 1349 1759 1388 amaritudine

1098 1407 1233 1448 rustica
1277 1416 1396 1458 atque
1443 1404 1594 1458 agresti.
1658 1407 1759 1446 Nam

1103 1463 1212 1518 Istam
1241 1462 1373 1501 odium
1402 1461 1601 1517 fignificat.
1659 1461 1762 1514 Psal-

1101 1524 1237 1561 triam:
1270 1519 1442 1559 saeuitia
1461 1518 1502 1558 iu
1517 1519 1680 1560 nomine
1693 1517 1761 1566 est,

1103 1591 1218 1628 quam
1247 1573 1467 1615 deliciosam
1502 1585 1666 1629 oportet.
1704 1584 1758 1624 et,

1103 1635 1185 1673 Vna
1213 1644 1368 1671 mecum:
1401 1645 1517 1682 quam
1549 1644 1638 1670 cum
1667 1631 1763 1670 ado-

1101 1687 1334 1728 lescemibus
1355 1684 1431 1727 esse
1453 1698 1702 1726 conuenerat.
1722 1696 1763 1725 et

1102 1743 1214 1785 Illuc:
1244 1743 1292 1782 ad
1326 1755 1443 1792 quem
1466 1744 1594 1781 locum
1617 1740 1763 1795 psaltri-

1103 1815 1163 1840 am
1185 1799 1312 1839 seeum
1334 1799 1390 1838 ire
1412 1799 1623 1850 compellit.
1683 1802 1763 1840 De·

1103 1857 1200 1897 inde
1236 1868 1289 1894 ne
1316 1855 1378 1894 vel
1405 1856 1444 1894 iu
1466 1856 1608 1895 itinere
1632 1869 1765 1908 poena

1104 1910 1238 1959 cesset,
1275 1912 1366 1951 Cum
1376 1909 1459 1963 filio
1476 1913 1537 1951 ibo
1558 1910 1643 1951 hinc
1658 1942 1669 1960 ,
1705 1913 1766 1953 in·

1106 1970 1217 2021 quit,
1267 1966 1372 2006 Illam
1410 1980 1502 2007 vero
1543 1967 1762 2019 abstraham.

1105 2028 1202 2067 Nam
1225 2022 1308 2062 illuc
1329 2037 1378 2063 eo
1401 2025 1533 2066 animo
1547 2024 1656 2073 dixit,
1686 2037 1763 2076 quo

1107 2080 1228 2134 supra,
1249 2079 1317 2120 Ibo
1335 2079 1430 2119 hinc.
1486 2084 1536 2122 Et
1552 2081 1767 2133 apparetil-

1098 2139 1184 2189 ‚lum
1217 2135 1320 2189 quafi
1355 2138 1598 2189 mancipium
1633 2137 1768 2177 duetu-

1107 2209 1192 2234 rum
1227 2192 1420 2246 puellam,
1459 2207 1542 2233 non
1575 2204 1612 2233 vt
1647 2191 1769 2233 fidici-

1106 2265 1207 2290 nam.
1261 2253 1313 2292 D.
1612 2297 1616 2301 Δ

1163 2309 1273 2360 Lege
1293 2318 1341 2344 ex
1359 2304 1480 2345 tribus
1506 2306 1667 2359 nosttis,
1696 2307 1769 2348 Hi-

1108 2364 1226 2404 larum
1246 2362 1392 2413 teface.
1450 2364 1492 2401 B.

1167 2431 1220 2473 57
1248 2418 1399 2457 Mecum
1427 2418 1512 2456 hinc
1542 2417 1746 2472 abstraham

1110 2478 1199 2516 Non
1228 2474 1439 2514 abducam:
1475 2472 1538 2514 sed
1574 2475 1679 2527 quod
1715 2489 1737 2516 e

1111 2529 1566 2578 saeuientis,abstraham.
1621 2531 1770 2587 Pugna·

1110 2590 1224 2639 ueris]
1243 2589 1432 2639 Magnam
1447 2600 1527 2627 rem
1538 2586 1686 2626 feceris.
1707 2589 1771 2628 Sic

1110 2643 1296 2687 Lucilius,
1319 2643 1490 2688 Vicimus,
1510 2642 1642 2694 osbcii
1653 2657 1774 2698 etum·⁴

1108 2712 1222 2759 gnam
1228 2703 1476 2759 pugnauimus
1485 2710 1660 2757 pugnam.
1690 2703 1741 2743 D.
