1875 3244
679 144 974 206 ADELPH.

1397 173 1492 208 211

146 308 210 356 25
248 289 348 341 ΑΕ.
390 292 531 353 Frugi
551 289 690 337 homo
715 287 789 336 est.
820 285 910 334 Sv.
942 282 1123 332 reddam
1145 283 1305 338 hercle,
1330 284 1382 332 da
1395 303 1488 334 mo-

346 368 419 415 do.
455 368 563 415 ΑΕ.
601 382 694 427 age,
715 375 853 430 pater.
897 361 999 409 Ml.
1035 360 1135 424 post
1153 361 1386 409 consulam.

243 442 346 492 DE.
382 446 543 497 Faciet.
583 438 673 488 Sv.
712 458 740 488 ο
772 441 837 488 vir
872 436 1082 502 optume!
1121 436 1226 484 ΑΕ.
1269 440 1378 484 omi
1408 456 1485 504 pa-

341 530 408 567 ter
431 511 718 567 festiuiffime!

245 594 302 645 M
315 608 347 642 1.
388 594 510 650 Quid
529 592 634 641 istuc
647 594 669 638 ἶ)
693 607 804 656 quae
831 584 908 638 res*
919 598 1009 636 tam
1030 597 1214 653 repente
1227 604 1374 637 mores
1388 606 1488 641 m}-

343 674 452 718 tauit
471 670 604 717 tuos?

243 748 382 803 Quod
413 745 703 812 prolubium?
738 759 849 808 quae
875 739 1000 790 istaec
1029 738 1168 790 subita
1187 738 1247 788 est
1276 732 1487 804 largitas?

340 820 388 870 D
403 836 447 870 Ε.
489 820 634 899 dicamx
651 819 751 869 tibi:

107 1060 152 1088 vt
176 1043 412 1100 Tranquillus
435 1042 566 1097 rqfitrt,
593 1042 666 1096 Isto
687 1042 771 1083 vili-

109 1117 176 1146 τυ,-
205 1104 271 1141 hoc
300 1101 365 1153 est,
398 1105 617 1142 erit'coena.
674 1102 768 1140 Non

109 1160 260 1206 dubito,
281 1160 373 1211 quin
391 1160 601 1199 Terentius
622 1157 668 1196 ad
692 1156 767 1196 hoc

108 1217 252 1256 distum
277 1213 494 1266 respexerit.
549 1217 655 1269 Ergo
674 1213 768 1264 Istoc

108 1274 235 1318 vilius,
255 1270 499 1324 perindehic
519 1270 584 1321 est,
606 1284 647 1311 ac
668 1271 775 1310 Prio-

111 1343 154 1369 ra
175 1329 269 1376 dedi,
289 1328 358 1368 hoc
376 1341 449 1368 non
475 1326 584 1368 ddbo.
644 1329 685 1368 B.

165 1443 221 1485 26
251 1440 396 1495 Faciet]
439 1443 500 1481 Ne
530 1439 623 1491 quid
653 1451 774 1493 nega·

113 1508 197 1537 tum
226 1499 265 1536 in
293 1496 372 1536 fine
393 1496 560 1537 Fabulae
589 1496 772 1543 videatur,

110 1553 260 1593 addidit
279 1555 431 1593 Demea
449 1553 587 1592 Faciet.
644 1551 773 1592 EtFa-

111 1612 199 1658 ciet,
231 1609 335 1661 quod
353 1610 454 1661 petis
480 1605 632 1649 scilicet.
665 1606 772 1659 quod

105 1665 280 1706 irridens
299 1664 414 1712 dixit,
443 1663 545 1716 quafi
568 1664 619 1703 de
645 1664 774 1716 prodi-

109 1735 162 1776 go
192 1722 326 1761 dicere
354 1720 541 1760 videatur.
599 1723 646 1760 Et
676 1720 776 1759 mire

109 1779 257 1819 faciet:
290 1778 380 1829 quia
398 1790 473 1817 nec
493 1776 682 1815 credibile
694 1786 775 1816 erat

109 1835 234 1874 statim
251 1831 527 1873 consensurum
560 1834 626 1884 qui
654 1846 775 1886 nega-

112 1901 240 1939 uerat,
273 1901 310 1929 et
339 1899 529 1941 perpetuo
559 1892 774 1945 (propterea

111 1943 198 1988 Mfl'.
230 1948 362 1991 Forte,
389 1948 583 1998 perpetua)
613 1947 773 1999 negatio

113 1999 191 2042 effe
210 2001 254 2040 in
272 2000 351 2040 fine
371 2014 454 2040 non
470 2000 617 2043 debuit.
668 2007 719 2044 D.

167 2112 337 2154 Laborat
355 2109 492 2159 versus,
510 2111 579 2153 nisi
598 2125 688 2153 cum
704 2114 774 2156 vi-

115 2170 206 2209 θον.
233 2181 271 2210 et
299 2171 510 2210 Decurtato
530 2171 693 2216 Faerni2
734 2181 774 2209 et

115 2225 245 2336 nus-{ro
271 2226 399 2321 gegio
432 2226 561 2280 legas,
607 2227 641 2266 O
662 2238 774 2280 pater

115 2296 164 2322 rm
208 2313 216 2321 .
304 2310 313 2320 .

168 2405 224 2446 27
252 2392 359 2449 Qid
371 2391 483 2446 istuc?
511 2406 601 2448 quae
621 2406 677 2433 res
698 2407 775 2432 tam

117 2462 263 2504 repente
290 2464 407 2489 mores
434 2452 594 2491 mutauit
629 2448 772 2504 mos-⁶3]

115 2506 521 2548 Animaduertendum
533 2507 596 2554 est,
617 2520 692 2558 qua
706 2509 775 2545 cal-

115 2563 270 2603 ‘liditate
287 2565 499 2603 Terentius
522 2575 714 2614 quaerens
735 2562 775 2601 fi-

117 2631 210 2660 nem
227 2619 416 2666 Fabulae,
452 2619 649 2670 complere
673 2620 777 2658 laeti-

118 2675 210 2717 tiam
239 2688 309 2729 per
327 2673 451 2730 ipsum
470 2677 662 2722 Demeam
688 2675 785 2718 niti—v

1424 897 1488 944 Vt

819 1051 884 1081 tur
913 1041 957 1080 in
986 1037 1203 1087 vniuersos,
1237 1039 1303 1091 qui
1331 1039 1375 1077 in
1404 1048 1487 1078 tota.

820 1096 1040 1142 Comoedia
1071 1095 1179 1135 tristis
1199 1109 1240 1134 ac
1268 1093 1405 1134 saeuus
1425 1096 1487 1134 in-

819 1153 1052 1194 terturbauit
1088 1164 1128 1191 et
1157 1150 1387 1192 vociferatus
1417 1151 1484 1191 est.

875 1266 984 1325 ,Quid
1000 1264 1108 1317 istuc?
1138 1278 1225 1318 quae
1245 1277 1304 1304 res
1331 1276 1407 1303 tam
1426 1278 1486 1303 re-

819 1336 926 1378 pente
971 1335 1088 1361 mores
1125 1322 1285 1360 mutauit
1332 1320 1503 1374 tuos-1²]

825 1379 1006 1431 Quaerit,
1031 1391 1099 1416 cur
1121 1376 1226 1416 suam
1252 1375 1373 1415 subito
1393 1390 1503 1414 con-.

822 1433 1072 1476 suetudinem
1089 1434 1299 1474 mutauerit
1313 1435 1479 1474 Demea.

875 1610 927 1653 28
959 1602 1077 1656 Qod
1101 1600 1339 1655 prolubium]
1387 1601 1485 1640 Pro.-

822 1658 978 1710 labium,
1003 1659 1109 1711 quod
1135 1658 1276 1699 Graeci
1293 1661 1489 1707 προὺυμίειν,

824 1717 863 1756 id
887 1716 950 1764 est,
972 1726 1147 1768 promtus
1168 1714 1319 1754 animus
1345 1713 1391 1752 ad
1412 1716 1485 1753 lar·

824 1773 1026 1827 giendum.
1070 1769 1201 1810 Subita
1213 1769 1259 1817 est
1277 1770 1436 1825 largitas
1449 1770 1485 1824 ἓ]

823 1830 1052 1880 Repentina,
1084 1841 1127 1867 ac
1147 1840 1217 1879 per
1238 1826 1312 1865 hoc
1331 1823 1408 1878 ipsa
1429 1826 1485 1865 est

823 1887 977 1939 ingrata
995 1884 1320 1923 etimmoderata:
1343 1894 1381 1921 vt
1392 1896 1487 1925 eue->

824 1944 895 1990 nit,
921 1955 1040 1993 quum
1060 1953 1109 1979 ex
1129 1940 1239 1978 nimis
1259 1939 1381 1991 parcis
1401 1952 1501 1978 non·

823 1999 919 2051 largi
939 2009 978 2036 et
990 1996 1181 2042 liberales,
1203 1993 1266 2034 sed
1279 1993 1387 2035 effufi
1399 2008 1486 2049 pro·

825 2055 990 2108 digique
1011 2052 1241 2092 redduntur.
1298 2055 1349 2092 D.

877 2106 1248 2165 Qodprofluuium]
1267 2107 1418 2146 Dicitur
1433 2106 1501 2144 vl-·

823 2178 878 2210 tra
894 2167 1108 2206 natm-alen.
1133 2163 1352 2203 mensuram
1371 2163 1486 2201 alicu-

823 2225 882 2263 ius
900 2224 956 2262 rei
976 2220 1224 2260 abundantia.
1283 2222 1324 2258 E.

878 2279 1012 2330 Vulgo
1039 2277 1278 2322 Proluuium,
1317 2272 1378 2314 sed
1402 2286 1483 2313 me·

822 2335 938 2375 licre<
966 2333 1053 2373 libri
1072 2330 1302 2371 Prolubium.
1352 2332 1485 2371 Serui-

824 2404 865 2431 us
886 2391 933 2431 ad
954 2396 1054 2432 Aen.
1074 2402 1136 2434 111,
1161 2399 1253 2440 217.
1275 2399 1324 2425 ex
1342 2390 1483 2427 Varro-

825 2461 878 2488 ne
913 2446 1062 2486 laudat:
1103 2445 1226 2482 Varro
1260 2444 1303 2482 tle
1330 2443 1485 2497 Lingua

825 2506 905 2545 Lat.
928 2502 990 2543 lib.
1012 2501 1054 2541 V.
1114 2497 1327 2540 Proluhium
1349 2512 1384 2538 et
1394 2501 1485 2538 Pro-

825 2561 1022 2601 lubidinem
1050 2558 1140 2605 dici,
1169 2555 1213 2594 ab
1241 2570 1280 2594 eo
1303 2561 1405 2608 quod
1432 2557 1486 2595 lu·

827 2617 936 2660 hem‚·
965 2617 1063 2654 vnde
1092 2617 1199 2653 emm
1230 2612 1351 2651 Lucus
1371 2612 1488 2660 Venes

828 2677 883 2714 ris
905 2673 1128 2714 Lubentinae
1146 2669 1311 2714 dicatur.
1366 2671 1407 2709 Β.

941 2730 977 2768 Ο
1006 2741 1034 2772 2
