<?xml version="1.0" encoding="UTF-8"?>
<!DOCTYPE html PUBLIC "-//W3C//DTD XHTML 1.0 Transitional//EN"
    "http://www.w3.org/TR/xhtml1/DTD/xhtml1-transitional.dtd">
<html xmlns="http://www.w3.org/1999/xhtml" xml:lang="en" lang="en">
 <head>
  <title>
</title>
<meta http-equiv="Content-Type" content="text/html;charset=utf-8" />
  <meta name='ocr-system' content='tesseract 3.04.00' />
  <meta name='ocr-capabilities' content='ocr_page ocr_carea ocr_par ocr_line ocrx_word'/>
</head>
<body>
  <div class='ocr_page' id='page_1' title='image "./comoediaesexexre02tereuoft_0597.png"; bbox 0 0 1827 3180; ppageno 0'>
   <div class='ocr_carea' id='block_1_1' title="bbox 579 204 936 253">
    <p class='ocr_par' dir='ltr' id='par_1_1' title="bbox 579 204 936 253">
     <span class='ocr_line' id='line_1_1' title="bbox 579 204 936 253; baseline 0.003 -1"><span class='ocrx_word' id='word_1_1' title='bbox 579 204 936 253; x_wconf 85' lang='lat' dir='ltr'><strong>PHORMIO.</strong></span> 
     </span>
    </p>
   </div>
   <div class='ocr_carea' id='block_1_2' title="bbox 1324 204 1422 266">
    <p class='ocr_par' dir='ltr' id='par_1_2' title="bbox 1324 204 1422 266">
     <span class='ocr_line' id='line_1_2' title="bbox 1324 204 1422 266; baseline 0.01 -1"><span class='ocrx_word' id='word_1_2' title='bbox 1324 204 1422 266; x_wconf 83' lang='lat'>569</span> 
     </span>
    </p>
   </div>
   <div class='ocr_carea' id='block_1_3' title="bbox 84 329 1425 402">
    <p class='ocr_par' dir='ltr' id='par_1_3' title="bbox 84 329 1425 402">
     <span class='ocr_line' id='line_1_3' title="bbox 84 329 1425 402; baseline -0.01 -9"><span class='ocrx_word' id='word_1_3' title='bbox 84 357 148 392; x_wconf 82' lang='lat'>20</span> <span class='ocrx_word' id='word_1_4' title='bbox 183 342 341 388; x_wconf 89' lang='lat' dir='ltr'>Sumus</span> <span class='ocrx_word' id='word_1_5' title='bbox 381 329 593 402; x_wconf 62' lang='lat' dir='ltr'>profesti:</span> <span class='ocrx_word' id='word_1_6' title='bbox 629 336 794 382; x_wconf 89' lang='lat' dir='ltr'>interea</span> <span class='ocrx_word' id='word_1_7' title='bbox 822 334 954 381; x_wconf 81' lang='lat' dir='ltr'>mittit</span> <span class='ocrx_word' id='word_1_8' title='bbox 985 330 1119 379; x_wconf 88' lang='lat' dir='ltr'>herus</span> <span class='ocrx_word' id='word_1_9' title='bbox 1151 346 1224 378; x_wconf 86' lang='lat' dir='ltr'>me</span> <span class='ocrx_word' id='word_1_10' title='bbox 1246 330 1298 378; x_wconf 86' lang='lat' dir='ltr'>ad</span> <span class='ocrx_word' id='word_1_11' title='bbox 1323 350 1425 380; x_wconf 81' lang='lat' dir='ltr'>vxo-</span> 
     </span>
    </p>
   </div>
   <div class='ocr_carea' id='block_1_4' title="bbox 285 423 534 462">
    <p class='ocr_par' dir='ltr' id='par_1_4' title="bbox 285 423 534 462">
     <span class='ocr_line' id='line_1_4' title="bbox 285 423 534 462; baseline -0.016 0"><span class='ocrx_word' id='word_1_12' title='bbox 285 429 380 462; x_wconf 85' lang='lat' dir='ltr'>rem</span> <span class='ocrx_word' id='word_1_13' title='bbox 398 423 534 459; x_wconf 84' lang='lat' dir='ltr'>tuam.</span> 
     </span>
    </p>
   </div>
   <div class='ocr_carea' id='block_1_5' title="bbox 181 482 1427 625">
    <p class='ocr_par' dir='ltr' id='par_1_5' title="bbox 181 482 1427 625">
     <span class='ocr_line' id='line_1_5' title="bbox 181 482 1427 549; baseline -0.006 -9"><span class='ocrx_word' id='word_1_14' title='bbox 181 490 229 541; x_wconf 93' lang='lat' dir='ltr'>A</span> <span class='ocrx_word' id='word_1_15' title='bbox 245 504 296 538; x_wconf 83' lang='lat' dir='ltr'>N.</span> <span class='ocrx_word' id='word_1_16' title='bbox 336 488 673 544; x_wconf 81' lang='lat' dir='ltr'>Quamobrem?</span> <span class='ocrx_word' id='word_1_17' title='bbox 713 482 762 533; x_wconf 81' lang='lat' dir='ltr'>G</span> <span class='ocrx_word' id='word_1_18' title='bbox 781 497 823 532; x_wconf 80' lang='grc' dir='ltr'>Ε.</span> <span class='ocrx_word' id='word_1_19' title='bbox 862 486 1020 531; x_wconf 87' lang='lat' dir='ltr'>omitto</span> <span class='ocrx_word' id='word_1_20' title='bbox 1052 483 1288 549; x_wconf 86' lang='lat' dir='ltr'>proloqui:</span> <span class='ocrx_word' id='word_1_21' title='bbox 1322 501 1427 532; x_wconf 87' lang='lat' dir='ltr'>nam</span> 
     </span>
     <span class='ocr_line' id='line_1_6' title="bbox 283 560 1046 625; baseline -0.009 -13"><span class='ocrx_word' id='word_1_22' title='bbox 283 566 393 613; x_wconf 83' lang='lat' dir='ltr'>nihil</span> <span class='ocrx_word' id='word_1_23' title='bbox 417 565 469 611; x_wconf 83' lang='lat' dir='ltr'>ad</span> <span class='ocrx_word' id='word_1_24' title='bbox 489 565 601 611; x_wconf 90' lang='lat' dir='ltr'>hanc</span> <span class='ocrx_word' id='word_1_25' title='bbox 623 579 718 610; x_wconf 82' lang='lat' dir='ltr'>rem</span> <span class='ocrx_word' id='word_1_26' title='bbox 737 560 808 613; x_wconf 91' lang='lat' dir='ltr'>est,</span> <span class='ocrx_word' id='word_1_27' title='bbox 830 561 1046 625; x_wconf 83' lang='lat' dir='ltr'>Antipho.</span> 
     </span>
    </p>
   </div>
   <div class='ocr_carea' id='block_1_6' title="bbox 182 635 1430 704">
    <p class='ocr_par' dir='ltr' id='par_1_6' title="bbox 182 635 1430 704">
     <span class='ocr_line' id='line_1_7' title="bbox 182 635 1430 704; baseline -0.006 -13"><span class='ocrx_word' id='word_1_28' title='bbox 182 641 273 695; x_wconf 88' lang='lat' dir='ltr'>Vbi</span> <span class='ocrx_word' id='word_1_29' title='bbox 305 644 349 689; x_wconf 90' lang='lat' dir='ltr'>in</span> <span class='ocrx_word' id='word_1_30' title='bbox 383 656 653 704; x_wconf 86' lang='lat' dir='ltr'><strong>gynaeceum</strong></span> <span class='ocrx_word' id='word_1_31' title='bbox 674 642 738 687; x_wconf 88' lang='lat' dir='ltr'>ire</span> <span class='ocrx_word' id='word_1_32' title='bbox 761 639 947 702; x_wconf 84' lang='lat' dir='ltr'>occipiO,</span> <span class='ocrx_word' id='word_1_33' title='bbox 971 651 1085 703; x_wconf 88' lang='lat' dir='ltr'>puer</span> <span class='ocrx_word' id='word_1_34' title='bbox 1112 635 1166 683; x_wconf 81' lang='lat' dir='ltr'>ad</span> <span class='ocrx_word' id='word_1_35' title='bbox 1189 651 1261 683; x_wconf 85' lang='lat' dir='ltr'>me</span> <span class='ocrx_word' id='word_1_36' title='bbox 1283 652 1430 684; x_wconf 83' lang='lat' dir='ltr'>accur·</span> 
     </span>
    </p>
   </div>
   <div class='ocr_carea' id='block_1_7' title="bbox 283 718 513 766">
    <p class='ocr_par' dir='ltr' id='par_1_7' title="bbox 283 718 513 766">
     <span class='ocr_line' id='line_1_8' title="bbox 283 718 513 766; baseline -0.004 -1"><span class='ocrx_word' id='word_1_37' title='bbox 283 721 342 766; x_wconf 86' lang='lat' dir='ltr'>rit</span> <span class='ocrx_word' id='word_1_38' title='bbox 365 718 513 764; x_wconf 77' lang='lat' dir='ltr'>Mida:</span> 
     </span>
    </p>
   </div>
   <div class='ocr_carea' id='block_1_8' title="bbox 186 785 1434 928">
    <p class='ocr_par' dir='ltr' id='par_1_8' title="bbox 186 785 1434 928">
     <span class='ocr_line' id='line_1_9' title="bbox 186 785 1431 860; baseline -0.008 -17"><span class='ocrx_word' id='word_1_39' title='bbox 186 798 308 844; x_wconf 88' lang='lat' dir='ltr'>Pone</span> <span class='ocrx_word' id='word_1_40' title='bbox 332 791 622 860; x_wconf 84' lang='lat' dir='ltr'>apprehendit</span> <span class='ocrx_word' id='word_1_41' title='bbox 632 790 789 858; x_wconf 82' lang='lat' dir='ltr'>pallio:</span> <span class='ocrx_word' id='word_1_42' title='bbox 809 787 1045 853; x_wconf 76' lang='lat' dir='ltr'>resupinat.</span> <span class='ocrx_word' id='word_1_43' title='bbox 1065 787 1271 853; x_wconf 87' lang='lat' dir='ltr'>respicio:</span> <span class='ocrx_word' id='word_1_44' title='bbox 1283 785 1289 789; x_wconf 73' lang='grc'>’</span> <span class='ocrx_word' id='word_1_45' title='bbox 1301 803 1431 848; x_wconf 81' lang='lat' dir='ltr'>rogo,</span> 
     </span>
     <span class='ocr_line' id='line_1_10' title="bbox 189 860 1434 928; baseline -0.004 -10"><span class='ocrx_word' id='word_1_46' title='bbox 189 870 492 928; x_wconf 82' lang='lat' dir='ltr'>Quamobrem</span> <span class='ocrx_word' id='word_1_47' title='bbox 511 872 694 916; x_wconf 84' lang='lat' dir='ltr'>retineat</span> <span class='ocrx_word' id='word_1_48' title='bbox 715 882 802 914; x_wconf 87' lang='lat' dir='ltr'>me.</span> <span class='ocrx_word' id='word_1_49' title='bbox 842 867 901 913; x_wconf 86' lang='lat' dir='ltr'>ait</span> <span class='ocrx_word' id='word_1_50' title='bbox 920 860 1006 912; x_wconf 80' lang='lat' dir='ltr'>effe</span> <span class='ocrx_word' id='word_1_51' title='bbox 1026 866 1212 913; x_wconf 88' lang='lat' dir='ltr'>vetitum</span> <span class='ocrx_word' id='word_1_52' title='bbox 1235 866 1354 911; x_wconf 86' lang='lat' dir='ltr'>intro</span> <span class='ocrx_word' id='word_1_53' title='bbox 1379 863 1434 913; x_wconf 85' lang='lat' dir='ltr'>ad</span> 
     </span>
    </p>
   </div>
   <div class='ocr_carea' id='block_1_9' title="bbox 314 945 706 1008">
    <p class='ocr_par' dir='ltr' id='par_1_9' title="bbox 314 945 706 1008">
     <span class='ocr_line' id='line_1_11' title="bbox 314 945 706 1008; baseline -0.018 -14"><span class='ocrx_word' id='word_1_54' title='bbox 314 947 466 994; x_wconf 86' lang='lat' dir='ltr'>heram</span> <span class='ocrx_word' id='word_1_55' title='bbox 487 945 706 1008; x_wconf 63' lang='lat' dir='ltr'>accedere.</span> 
     </span>
    </p>
   </div>
   <div class='ocr_carea' id='block_1_10' title="bbox 88 1015 1437 1089">
    <p class='ocr_par' dir='ltr' id='par_1_10' title="bbox 88 1015 1437 1089">
     <span class='ocr_line' id='line_1_12' title="bbox 88 1015 1437 1089; baseline -0.007 -17"><span class='ocrx_word' id='word_1_56' title='bbox 88 1039 152 1088; x_wconf 82' lang='lat'>²5</span> <span class='ocrx_word' id='word_1_57' title='bbox 193 1023 427 1089; x_wconf 86' lang='lat' dir='ltr'>Sophrona</span> <span class='ocrx_word' id='word_1_58' title='bbox 459 1020 594 1068; x_wconf 87' lang='lat' dir='ltr'>modo</span> <span class='ocrx_word' id='word_1_59' title='bbox 627 1019 806 1067; x_wconf 85' lang='lat' dir='ltr'>fratrem</span> <span class='ocrx_word' id='word_1_60' title='bbox 826 1016 931 1071; x_wconf 88' lang='lat' dir='ltr'>huc,</span> <span class='ocrx_word' id='word_1_61' title='bbox 962 1017 1123 1082; x_wconf 85' lang='lat' dir='ltr'>inquit,</span> <span class='ocrx_word' id='word_1_62' title='bbox 1151 1015 1263 1066; x_wconf 85' lang='lat' dir='ltr'>senis</span> <span class='ocrx_word' id='word_1_63' title='bbox 1298 1017 1437 1070; x_wconf 83' lang='lat' dir='ltr'>intro·</span> 
     </span>
    </p>
   </div>
   <div class='ocr_carea' id='block_1_11' title="bbox 291 1096 699 1152">
    <p class='ocr_par' dir='ltr' id='par_1_11' title="bbox 291 1096 699 1152">
     <span class='ocr_line' id='line_1_13' title="bbox 291 1096 699 1152; baseline -0.01 -6"><span class='ocrx_word' id='word_1_64' title='bbox 291 1098 413 1146; x_wconf 85' lang='lat' dir='ltr'>duxit</span> <span class='ocrx_word' id='word_1_65' title='bbox 440 1096 699 1152; x_wconf 79' lang='lat' dir='ltr'>Chremem3</span> 
     </span>
    </p>
   </div>
   <div class='ocr_carea' id='block_1_12' title="bbox 191 1167 1439 1237">
    <p class='ocr_par' dir='ltr' id='par_1_12' title="bbox 191 1167 1439 1237">
     <span class='ocr_line' id='line_1_14' title="bbox 191 1167 1439 1237; baseline -0.006 -14"><span class='ocrx_word' id='word_1_66' title='bbox 191 1178 396 1237; x_wconf 88' lang='lat' dir='ltr'>Eumque</span> <span class='ocrx_word' id='word_1_67' title='bbox 417 1189 536 1220; x_wconf 88' lang='lat' dir='ltr'>nunc</span> <span class='ocrx_word' id='word_1_68' title='bbox 557 1169 641 1220; x_wconf 86' lang='lat' dir='ltr'>esse</span> <span class='ocrx_word' id='word_1_69' title='bbox 662 1173 781 1219; x_wconf 89' lang='lat' dir='ltr'>intus</span> <span class='ocrx_word' id='word_1_70' title='bbox 803 1185 906 1218; x_wconf 88' lang='lat' dir='ltr'>cum</span> <span class='ocrx_word' id='word_1_71' title='bbox 926 1169 1028 1219; x_wconf 84' lang='lat' dir='ltr'>illis.</span> <span class='ocrx_word' id='word_1_72' title='bbox 1065 1168 1153 1217; x_wconf 86' lang='lat' dir='ltr'>hoc</span> <span class='ocrx_word' id='word_1_73' title='bbox 1175 1167 1249 1218; x_wconf 93' lang='lat' dir='ltr'>vbi</span> <span class='ocrx_word' id='word_1_74' title='bbox 1270 1184 1354 1230; x_wconf 86' lang='lat' dir='ltr'>ego</span> <span class='ocrx_word' id='word_1_75' title='bbox 1367 1185 1439 1215; x_wconf 87' lang='lat' dir='ltr'>au·</span> 
     </span>
    </p>
   </div>
   <div class='ocr_carea' id='block_1_13' title="bbox 291 1249 609 1303">
    <p class='ocr_par' dir='ltr' id='par_1_13' title="bbox 291 1249 609 1303">
     <span class='ocr_line' id='line_1_15' title="bbox 291 1249 609 1303; baseline -0.003 -7"><span class='ocrx_word' id='word_1_76' title='bbox 291 1250 397 1303; x_wconf 86' lang='lat' dir='ltr'>diui,</span> <span class='ocrx_word' id='word_1_77' title='bbox 418 1250 472 1297; x_wconf 91' lang='lat' dir='ltr'>ad</span> <span class='ocrx_word' id='word_1_78' title='bbox 492 1249 609 1296; x_wconf 87' lang='lat' dir='ltr'>fores</span> 
     </span>
    </p>
   </div>
   <div class='ocr_carea' id='block_1_14' title="bbox 194 1317 1442 1465">
    <p class='ocr_par' dir='ltr' id='par_1_14' title="bbox 194 1317 1442 1465">
     <span class='ocr_line' id='line_1_16' title="bbox 194 1317 1442 1392; baseline -0.008 -18"><span class='ocrx_word' id='word_1_79' title='bbox 194 1326 406 1392; x_wconf 81' lang='lat' dir='ltr'>Suspenso</span> <span class='ocrx_word' id='word_1_80' title='bbox 429 1323 566 1387; x_wconf 84' lang='lat' dir='ltr'>gradu</span> <span class='ocrx_word' id='word_1_81' title='bbox 588 1322 755 1389; x_wconf 79' lang='lat' dir='ltr'>placide</span> <span class='ocrx_word' id='word_1_82' title='bbox 775 1324 839 1369; x_wconf 87' lang='lat' dir='ltr'>ire</span> <span class='ocrx_word' id='word_1_83' title='bbox 859 1322 1054 1387; x_wconf 86' lang='lat' dir='ltr'>perrexi:</span> <span class='ocrx_word' id='word_1_84' title='bbox 1090 1317 1253 1368; x_wconf 71' lang='lat' dir='ltr'>accessi:</span> <span class='ocrx_word' id='word_1_85' title='bbox 1279 1317 1442 1367; x_wconf 82' lang='lat' dir='ltr'>adstiti:</span> 
     </span>
     <span class='ocr_line' id='line_1_17' title="bbox 199 1396 1442 1465; baseline -0.006 -17"><span class='ocrx_word' id='word_1_86' title='bbox 199 1403 405 1448; x_wconf 84' lang='lat' dir='ltr'>Animam</span> <span class='ocrx_word' id='word_1_87' title='bbox 444 1397 695 1465; x_wconf 80' lang='lat' dir='ltr'>compreffi:</span> <span class='ocrx_word' id='word_1_88' title='bbox 735 1414 886 1445; x_wconf 82' lang='lat' dir='ltr'>aurem</span> <span class='ocrx_word' id='word_1_89' title='bbox 919 1396 1121 1444; x_wconf 87' lang='lat' dir='ltr'>admoui:</span> <span class='ocrx_word' id='word_1_90' title='bbox 1152 1399 1211 1443; x_wconf 78' lang='lat' dir='ltr'>ita</span> <span class='ocrx_word' id='word_1_91' title='bbox 1241 1399 1442 1447; x_wconf 86' lang='lat' dir='ltr'>animum</span> 
     </span>
    </p>
   </div>
   <div class='ocr_carea' id='block_1_15' title="bbox 297 1475 682 1541">
    <p class='ocr_par' dir='ltr' id='par_1_15' title="bbox 297 1475 682 1541">
     <span class='ocr_line' id='line_1_18' title="bbox 297 1475 682 1541; baseline -0.01 -18"><span class='ocrx_word' id='word_1_92' title='bbox 297 1479 423 1541; x_wconf 87' lang='lat' dir='ltr'>coepi</span> <span class='ocrx_word' id='word_1_93' title='bbox 446 1475 682 1527; x_wconf 77' lang='lat' dir='ltr'>attendere,</span> 
     </span>
    </p>
   </div>
   <div class='ocr_carea' id='block_1_16' title="bbox 200 1545 1442 1691">
    <p class='ocr_par' dir='ltr' id='par_1_16' title="bbox 200 1545 1442 1691">
     <span class='ocr_line' id='line_1_19' title="bbox 200 1545 1442 1611; baseline -0.004 -11"><span class='ocrx_word' id='word_1_94' title='bbox 200 1555 305 1601; x_wconf 89' lang='lat' dir='ltr'>Hoc</span> <span class='ocrx_word' id='word_1_95' title='bbox 346 1551 480 1598; x_wconf 88' lang='lat' dir='ltr'>modo</span> <span class='ocrx_word' id='word_1_96' title='bbox 521 1550 766 1597; x_wconf 88' lang='lat' dir='ltr'>sermonem</span> <span class='ocrx_word' id='word_1_97' title='bbox 803 1558 993 1611; x_wconf 86' lang='lat' dir='ltr'>captans.</span> <span class='ocrx_word' id='word_1_98' title='bbox 1032 1545 1144 1596; x_wconf 84' lang='lat' dir='ltr'>AN.</span> <span class='ocrx_word' id='word_1_99' title='bbox 1180 1563 1260 1602; x_wconf 83' lang='lat' dir='ltr'>eu,</span> <span class='ocrx_word' id='word_1_100' title='bbox 1307 1549 1442 1595; x_wconf 87' lang='lat' dir='ltr'>Geta!</span> 
     </span>
     <span class='ocr_line' id='line_1_20' title="bbox 301 1624 902 1691; baseline -0.008 -16"><span class='ocrx_word' id='word_1_101' title='bbox 301 1624 409 1678; x_wconf 75' lang='lat' dir='ltr'>GE.</span> <span class='ocrx_word' id='word_1_102' title='bbox 443 1627 515 1673; x_wconf 89' lang='lat' dir='ltr'>hic</span> <span class='ocrx_word' id='word_1_103' title='bbox 533 1626 902 1691; x_wconf 87' lang='lat' dir='ltr'>pulcherrumum</span> 
     </span>
    </p>
   </div>
   <div class='ocr_carea' id='block_1_17' title="bbox 70 1825 753 2719">
    <p class='ocr_par' dir='ltr' id='par_1_17' title="bbox 70 1825 740 2262">
     <span class='ocr_line' id='line_1_21' title="bbox 70 1825 732 1882; baseline -0.009 -13"><span class='ocrx_word' id='word_1_104' title='bbox 70 1827 275 1882; x_wconf 82' lang='lat' dir='ltr'>Demipho</span> <span class='ocrx_word' id='word_1_105' title='bbox 301 1843 321 1868; x_wconf 92' lang='lat' dir='ltr'>a</span> <span class='ocrx_word' id='word_1_106' title='bbox 342 1826 426 1868; x_wconf 84' lang='lat' dir='ltr'>foro</span> <span class='ocrx_word' id='word_1_107' title='bbox 448 1827 549 1867; x_wconf 61' lang='lat' dir='ltr'>reela</span> <span class='ocrx_word' id='word_1_108' title='bbox 569 1825 616 1865; x_wconf 85' lang='lat' dir='ltr'>ad</span> <span class='ocrx_word' id='word_1_109' title='bbox 636 1827 732 1865; x_wconf 87' lang='lat' dir='ltr'>Nau·</span> 
     </span>
     <span class='ocr_line' id='line_1_22' title="bbox 71 1886 732 1931; baseline -0.011 -4"><span class='ocrx_word' id='word_1_110' title='bbox 71 1888 249 1927; x_wconf 77' lang='lat' dir='ltr'>fistratam</span> <span class='ocrx_word' id='word_1_111' title='bbox 280 1886 369 1930; x_wconf 84' lang='lat' dir='ltr'>ibat,</span> <span class='ocrx_word' id='word_1_112' title='bbox 397 1897 439 1931; x_wconf 82' lang='lat' dir='ltr'>v,</span> <span class='ocrx_word' id='word_1_113' title='bbox 467 1897 505 1930; x_wconf 83' lang='lat'>2,</span> <span class='ocrx_word' id='word_1_114' title='bbox 541 1896 601 1925; x_wconf 91' lang='lat'>11.</span> <span class='ocrx_word' id='word_1_115' title='bbox 633 1894 732 1929; x_wconf 85' lang='lat' dir='ltr'>etv,</span> 
     </span>
     <span class='ocr_line' id='line_1_23' title="bbox 74 1938 738 1998; baseline -0.009 -15"><span class='ocrx_word' id='word_1_116' title='bbox 74 1957 112 1998; x_wconf 86' lang='lat'>3,</span> <span class='ocrx_word' id='word_1_117' title='bbox 139 1954 175 1992; x_wconf 88' lang='lat'>7.</span> <span class='ocrx_word' id='word_1_118' title='bbox 208 1942 296 1981; x_wconf 80' lang='lat' dir='ltr'>licut</span> <span class='ocrx_word' id='word_1_119' title='bbox 327 1938 479 1980; x_wconf 81' lang='lat' dir='ltr'>iuss&#39;erat</span> <span class='ocrx_word' id='word_1_120' title='bbox 505 1938 647 1986; x_wconf 84' lang='lat' dir='ltr'>frater,</span> <span class='ocrx_word' id='word_1_121' title='bbox 676 1950 738 1985; x_wconf 77' lang='lat' dir='ltr'>lv,</span> 
     </span>
     <span class='ocr_line' id='line_1_24' title="bbox 77 1995 739 2050; baseline -0.009 -13"><span class='ocrx_word' id='word_1_122' title='bbox 77 2010 117 2050; x_wconf 78' lang='grc' dir='ltr'>ς,</span> <span class='ocrx_word' id='word_1_123' title='bbox 146 2010 182 2047; x_wconf 90' lang='lat'>7.</span> <span class='ocrx_word' id='word_1_124' title='bbox 222 1998 380 2038; x_wconf 83' lang='lat' dir='ltr'>Deinde</span> <span class='ocrx_word' id='word_1_125' title='bbox 408 1997 432 2036; x_wconf 79' lang='lat' dir='ltr'>li</span> <span class='ocrx_word' id='word_1_126' title='bbox 466 1996 563 2035; x_wconf 76' lang='lat' dir='ltr'>rec‘ta</span> <span class='ocrx_word' id='word_1_127' title='bbox 594 1995 739 2034; x_wconf 83' lang='lat' dir='ltr'>domum</span> 
     </span>
     <span class='ocr_line' id='line_1_25' title="bbox 78 2047 738 2104; baseline -0.011 -10"><span class='ocrx_word' id='word_1_128' title='bbox 78 2054 210 2099; x_wconf 84' lang='lat' dir='ltr'>ibant,</span> <span class='ocrx_word' id='word_1_129' title='bbox 260 2066 377 2104; x_wconf 87' lang='lat' dir='ltr'>quem</span> <span class='ocrx_word' id='word_1_130' title='bbox 415 2051 563 2092; x_wconf 85' lang='lat' dir='ltr'>sensum</span> <span class='ocrx_word' id='word_1_131' title='bbox 595 2047 738 2102; x_wconf 84' lang='lat' dir='ltr'>quaeso</span> 
     </span>
     <span class='ocr_line' id='line_1_26' title="bbox 80 2107 739 2164; baseline -0.006 -16"><span class='ocrx_word' id='word_1_132' title='bbox 80 2107 233 2164; x_wconf 80' lang='lat' dir='ltr'>poss&#39;unt</span> <span class='ocrx_word' id='word_1_133' title='bbox 255 2109 396 2149; x_wconf 82' lang='lat' dir='ltr'>habere</span> <span class='ocrx_word' id='word_1_134' title='bbox 426 2108 559 2155; x_wconf 77' lang='lat' dir='ltr'>verba,</span> <span class='ocrx_word' id='word_1_135' title='bbox 601 2108 739 2147; x_wconf 77' lang='lat' dir='ltr'>Mittit</span> 
     </span>
     <span class='ocr_line' id='line_1_27' title="bbox 81 2160 740 2215; baseline -0.006 -11"><span class='ocrx_word' id='word_1_136' title='bbox 81 2181 136 2206; x_wconf 79' lang='lat' dir='ltr'>me</span> <span class='ocrx_word' id='word_1_137' title='bbox 154 2169 202 2204; x_wconf 80' lang='lat' dir='ltr'>ad</span> <span class='ocrx_word' id='word_1_138' title='bbox 224 2179 377 2204; x_wconf 84' lang='lat' dir='ltr'>vxorem</span> <span class='ocrx_word' id='word_1_139' title='bbox 397 2178 511 2211; x_wconf 87' lang='lat' dir='ltr'>tuam,</span> <span class='ocrx_word' id='word_1_140' title='bbox 541 2176 641 2215; x_wconf 83' lang='lat' dir='ltr'>quae</span> <span class='ocrx_word' id='word_1_141' title='bbox 662 2160 740 2214; x_wconf 81' lang='lat' dir='ltr'>ipsa</span> 
     </span>
     <span class='ocr_line' id='line_1_28' title="bbox 84 2222 493 2262; baseline -0.007 0"><span class='ocrx_word' id='word_1_142' title='bbox 84 2222 138 2262; x_wconf 81' lang='lat' dir='ltr'>ibi</span> <span class='ocrx_word' id='word_1_143' title='bbox 165 2222 270 2260; x_wconf 84' lang='lat' dir='ltr'>domi</span> <span class='ocrx_word' id='word_1_144' title='bbox 293 2222 398 2259; x_wconf 81' lang='lat' dir='ltr'>erat?</span> <span class='ocrx_word' id='word_1_145' title='bbox 454 2225 493 2260; x_wconf 89' lang='lat' dir='ltr'>B.</span> 
     </span>
    </p>

    <p class='ocr_par' dir='ltr' id='par_1_18' title="bbox 85 2274 745 2440">
     <span class='ocr_line' id='line_1_29' title="bbox 141 2274 745 2318; baseline -0.012 -1"><span class='ocrx_word' id='word_1_146' title='bbox 141 2291 193 2318; x_wconf 92' lang='lat'>20</span> <span class='ocrx_word' id='word_1_147' title='bbox 225 2279 354 2316; x_wconf 79' lang='lat' dir='ltr'>Mittit</span> <span class='ocrx_word' id='word_1_148' title='bbox 383 2277 488 2315; x_wconf 74' lang='lat' dir='ltr'>herus</span> <span class='ocrx_word' id='word_1_149' title='bbox 513 2289 566 2312; x_wconf 91' lang='lat' dir='ltr'>me</span> <span class='ocrx_word' id='word_1_150' title='bbox 583 2274 634 2313; x_wconf 84' lang='lat' dir='ltr'>ad</span> <span class='ocrx_word' id='word_1_151' title='bbox 652 2287 745 2311; x_wconf 84' lang='lat' dir='ltr'>vxo-</span> 
     </span>
     <span class='ocr_line' id='line_1_30' title="bbox 85 2329 745 2387; baseline -0.011 -14"><span class='ocrx_word' id='word_1_152' title='bbox 85 2348 161 2374; x_wconf 75' lang='lat' dir='ltr'>rem</span> <span class='ocrx_word' id='word_1_153' title='bbox 192 2334 308 2387; x_wconf 75' lang='lat' dir='ltr'>tuam]</span> <span class='ocrx_word' id='word_1_154' title='bbox 340 2329 562 2373; x_wconf 78' lang='lat' dir='ltr'>Conuersus</span> <span class='ocrx_word' id='word_1_155' title='bbox 591 2330 639 2368; x_wconf 85' lang='lat' dir='ltr'>ad</span> <span class='ocrx_word' id='word_1_156' title='bbox 665 2336 745 2370; x_wconf 84' lang='lat' dir='ltr'>An-</span> 
     </span>
     <span class='ocr_line' id='line_1_31' title="bbox 88 2388 614 2440; baseline -0.011 -12"><span class='ocrx_word' id='word_1_157' title='bbox 88 2390 295 2440; x_wconf 75' lang='lat' dir='ltr'>tiphonem</span> <span class='ocrx_word' id='word_1_158' title='bbox 317 2388 388 2426; x_wconf 91' lang='lat' dir='ltr'>hoc</span> <span class='ocrx_word' id='word_1_159' title='bbox 409 2388 511 2425; x_wconf 86' lang='lat' dir='ltr'>dicit.</span> <span class='ocrx_word' id='word_1_160' title='bbox 567 2388 614 2426; x_wconf 85' lang='lat' dir='ltr'>D.</span> 
     </span>
    </p>

    <p class='ocr_par' dir='ltr' id='par_1_19' title="bbox 90 2441 751 2663">
     <span class='ocr_line' id='line_1_32' title="bbox 147 2441 747 2494; baseline -0.018 -7"><span class='ocrx_word' id='word_1_161' title='bbox 147 2458 201 2488; x_wconf 84' lang='lat'>22</span> <span class='ocrx_word' id='word_1_162' title='bbox 241 2445 315 2484; x_wconf 63' lang='lat' dir='ltr'>Vbi</span> <span class='ocrx_word' id='word_1_163' title='bbox 351 2447 390 2482; x_wconf 84' lang='lat' dir='ltr'>in</span> <span class='ocrx_word' id='word_1_164' title='bbox 427 2442 658 2494; x_wconf 68' lang='lat' dir='ltr'>Gynaecsum</span> <span class='ocrx_word' id='word_1_165' title='bbox 694 2441 747 2476; x_wconf 80' lang='lat' dir='ltr'>ire</span> 
     </span>
     <span class='ocr_line' id='line_1_33' title="bbox 90 2497 749 2556; baseline -0.015 -15"><span class='ocrx_word' id='word_1_166' title='bbox 90 2502 252 2556; x_wconf 78' lang='lat' dir='ltr'>occipio]</span> <span class='ocrx_word' id='word_1_167' title='bbox 295 2502 373 2542; x_wconf 68' lang='lat' dir='ltr'>sum*</span> <span class='ocrx_word' id='word_1_168' title='bbox 404 2502 567 2545; x_wconf 57' lang='lat' dir='ltr'>Graece,</span> <span class='ocrx_word' id='word_1_169' title='bbox 612 2497 749 2536; x_wconf 82' lang='lat' dir='ltr'>Latine</span> 
     </span>
     <span class='ocr_line' id='line_1_34' title="bbox 90 2553 751 2604; baseline -0.017 -5"><span class='ocrx_word' id='word_1_170' title='bbox 90 2560 232 2598; x_wconf 77' lang='lat' dir='ltr'>mulier</span> <span class='ocrx_word' id='word_1_171' title='bbox 304 2556 401 2595; x_wconf 86' lang='lat' dir='ltr'>Inde</span> <span class='ocrx_word' id='word_1_172' title='bbox 435 2556 662 2604; x_wconf 73' lang='lat' dir='ltr'>meeccum</span> <span class='ocrx_word' id='word_1_173' title='bbox 700 2553 751 2589; x_wconf 85' lang='lat' dir='ltr'>lu-</span> 
     </span>
     <span class='ocr_line' id='line_1_35' title="bbox 94 2610 751 2663; baseline -0.015 -9"><span class='ocrx_word' id='word_1_174' title='bbox 94 2627 173 2663; x_wconf 85' lang='lat' dir='ltr'>cus,</span> <span class='ocrx_word' id='word_1_175' title='bbox 193 2615 250 2652; x_wconf 75' lang='lat' dir='ltr'>ibi</span> <span class='ocrx_word' id='word_1_176' title='bbox 265 2614 446 2652; x_wconf 75' lang='lat' dir='ltr'>mulieres</span> <span class='ocrx_word' id='word_1_177' title='bbox 462 2622 678 2663; x_wconf 70' lang='lat' dir='ltr'>operantur.</span> <span class='ocrx_word' id='word_1_178' title='bbox 712 2610 751 2646; x_wconf 80' lang='lat' dir='ltr'>E.</span> 
     </span>
    </p>

    <p class='ocr_par' dir='ltr' id='par_1_20' title="bbox 148 2664 753 2719">
     <span class='ocr_line' id='line_1_36' title="bbox 148 2664 753 2719; baseline -0.018 -7"><span class='ocrx_word' id='word_1_179' title='bbox 148 2677 199 2718; x_wconf 80' lang='lat'>28</span> <span class='ocrx_word' id='word_1_180' title='bbox 233 2673 401 2708; x_wconf 63' lang='lat' dir='ltr'>Animam»</span> <span class='ocrx_word' id='word_1_181' title='bbox 437 2667 639 2719; x_wconf 75' lang='lat' dir='ltr'>compressi]</span> <span class='ocrx_word' id='word_1_182' title='bbox 670 2664 753 2715; x_wconf 70' lang='lat' dir='ltr'>Spi-</span> 
     </span>
    </p>
   </div>
   <div class='ocr_carea' id='block_1_18' title="bbox 96 2722 758 2779">
    <p class='ocr_par' dir='ltr' id='par_1_21' title="bbox 96 2722 758 2779">
     <span class='ocr_line' id='line_1_37' title="bbox 96 2722 758 2779; baseline -0.015 -11"><span class='ocrx_word' id='word_1_183' title='bbox 96 2729 215 2767; x_wconf 82' lang='lat' dir='ltr'>titum</span> <span class='ocrx_word' id='word_1_184' title='bbox 228 2739 446 2779; x_wconf 79' lang='lat' dir='ltr'>vocemque</span> <span class='ocrx_word' id='word_1_185' title='bbox 459 2723 624 2776; x_wconf 75' lang='lat' dir='ltr'>repressi.</span> <span class='ocrx_word' id='word_1_186' title='bbox 649 2722 758 2773; x_wconf 65' lang='lat' dir='ltr'>Yirg.</span> 
     </span>
    </p>
   </div>
   <div class='ocr_carea' id='block_1_19' title="bbox 1382 1715 1444 1763">
    <p class='ocr_par' dir='ltr' id='par_1_22' title="bbox 1382 1715 1444 1763">
     <span class='ocr_line' id='line_1_38' title="bbox 1382 1715 1444 1763; baseline 0 -15"><span class='ocrx_word' id='word_1_187' title='bbox 1382 1715 1444 1763; x_wconf 76' lang='lat'>30</span> 
     </span>
    </p>
   </div>
   <div class='ocr_carea' id='block_1_20' title="bbox 785 1821 1449 1934">
    <p class='ocr_par' dir='ltr' id='par_1_23' title="bbox 785 1821 1449 1934">
     <span class='ocr_line' id='line_1_39' title="bbox 785 1821 1449 1878; baseline 0 -13"><span class='ocrx_word' id='word_1_188' title='bbox 785 1825 906 1876; x_wconf 90' lang='lat' dir='ltr'>(Aen.</span> <span class='ocrx_word' id='word_1_189' title='bbox 933 1836 990 1871; x_wconf 74' lang='grc' dir='ltr'>Π,</span> <span class='ocrx_word' id='word_1_190' title='bbox 1017 1823 1131 1878; x_wconf 88' lang='lat'>774.)</span> <span class='ocrx_word' id='word_1_191' title='bbox 1163 1822 1252 1864; x_wconf 82' lang='lat' dir='ltr'>Vox</span> <span class='ocrx_word' id='word_1_192' title='bbox 1266 1821 1449 1877; x_wconf 75' lang='lat' dir='ltr'>flzucibus</span> 
     </span>
     <span class='ocr_line' id='line_1_40' title="bbox 787 1880 1014 1934; baseline 0.004 -15"><span class='ocrx_word' id='word_1_193' title='bbox 787 1880 914 1934; x_wconf 80' lang='lat' dir='ltr'>haefit.</span> <span class='ocrx_word' id='word_1_194' title='bbox 971 1883 1014 1922; x_wconf 87' lang='lat' dir='ltr'>E.</span> 
     </span>
    </p>
   </div>
   <div class='ocr_carea' id='block_1_21' title="bbox 788 1991 1461 2833">
    <p class='ocr_par' dir='ltr' id='par_1_24' title="bbox 788 1991 1454 2269">
     <span class='ocr_line' id='line_1_41' title="bbox 846 1991 1451 2046; baseline -0.01 -11"><span class='ocrx_word' id='word_1_195' title='bbox 846 2005 910 2046; x_wconf 90' lang='lat'>29</span> <span class='ocrx_word' id='word_1_196' title='bbox 960 1992 1257 2033; x_wconf 80' lang='lat' dir='ltr'>Pulcherrimum</span> <span class='ocrx_word' id='word_1_197' title='bbox 1293 1991 1451 2045; x_wconf 80' lang='lat' dir='ltr'>facinus</span> 
     </span>
     <span class='ocr_line' id='line_1_42' title="bbox 788 2049 1451 2103; baseline -0.005 -14"><span class='ocrx_word' id='word_1_198' title='bbox 788 2049 934 2103; x_wconf 75' lang='lat' dir='ltr'>audtui]</span> <span class='ocrx_word' id='word_1_199' title='bbox 965 2049 1197 2089; x_wconf 84' lang='lat' dir='ltr'>Huiusmodi</span> <span class='ocrx_word' id='word_1_200' title='bbox 1230 2051 1334 2090; x_wconf 84' lang='lat' dir='ltr'>locos</span> <span class='ocrx_word' id='word_1_201' title='bbox 1362 2053 1451 2087; x_wconf 86' lang='lat' dir='ltr'>Poe-</span> 
     </span>
     <span class='ocr_line' id='line_1_43' title="bbox 788 2103 1451 2158; baseline -0.006 -13"><span class='ocrx_word' id='word_1_202' title='bbox 788 2117 851 2145; x_wconf 85' lang='lat' dir='ltr'>tae</span> <span class='ocrx_word' id='word_1_203' title='bbox 870 2105 1063 2145; x_wconf 60' lang='lat' dir='ltr'>aum-ibus</span> <span class='ocrx_word' id='word_1_204' title='bbox 1086 2106 1316 2158; x_wconf 82' lang='lat' dir='ltr'>indulgent:</span> <span class='ocrx_word' id='word_1_205' title='bbox 1345 2103 1451 2155; x_wconf 86' lang='lat' dir='ltr'>quod</span> 
     </span>
     <span class='ocr_line' id='line_1_44' title="bbox 791 2159 1454 2212; baseline -0.006 -10"><span class='ocrx_word' id='word_1_206' title='bbox 791 2164 833 2202; x_wconf 88' lang='lat' dir='ltr'>in</span> <span class='ocrx_word' id='word_1_207' title='bbox 856 2159 912 2200; x_wconf 83' lang='lat' dir='ltr'>his</span> <span class='ocrx_word' id='word_1_208' title='bbox 930 2161 1065 2201; x_wconf 62' lang='grc' dir='ltr'>πᾶσι-ἦε</span> <span class='ocrx_word' id='word_1_209' title='bbox 1086 2164 1263 2212; x_wconf 74' lang='lat' dir='ltr'>(auc‘toris</span> <span class='ocrx_word' id='word_1_210' title='bbox 1289 2159 1380 2211; x_wconf 76' lang='grc' dir='ltr'>(ΜΓ.</span> <span class='ocrx_word' id='word_1_211' title='bbox 1402 2163 1454 2200; x_wconf 85' lang='lat' dir='ltr'>H.</span> 
     </span>
     <span class='ocr_line' id='line_1_45' title="bbox 793 2217 1397 2269; baseline -0.003 -11"><span class='ocrx_word' id='word_1_212' title='bbox 793 2230 832 2258; x_wconf 88' lang='lat' dir='ltr'>et</span> <span class='ocrx_word' id='word_1_213' title='bbox 852 2221 909 2269; x_wconf 90' lang='lat' dir='ltr'>B.)</span> <span class='ocrx_word' id='word_1_214' title='bbox 932 2217 985 2255; x_wconf 85' lang='lat' dir='ltr'>est</span> <span class='ocrx_word' id='word_1_215' title='bbox 1006 2218 1302 2258; x_wconf 70' lang='lat' dir='ltr'>commendatio.</span> <span class='ocrx_word' id='word_1_216' title='bbox 1346 2219 1397 2256; x_wconf 85' lang='lat'>1).</span> 
     </span>
    </p>

    <p class='ocr_par' dir='ltr' id='par_1_25' title="bbox 791 2270 1458 2661">
     <span class='ocr_line' id='line_1_46' title="bbox 852 2270 1456 2325; baseline -0.005 -13"><span class='ocrx_word' id='word_1_217' title='bbox 852 2273 1143 2313; x_wconf 83' lang='lat' dir='ltr'>Pulcherrimum</span> <span class='ocrx_word' id='word_1_218' title='bbox 1171 2272 1346 2325; x_wconf 71' lang='lat' dir='ltr'>fizcimcs]</span> <span class='ocrx_word' id='word_1_219' title='bbox 1386 2270 1456 2309; x_wconf 79' lang='lat' dir='ltr'>Fu-</span> 
     </span>
     <span class='ocr_line' id='line_1_47' title="bbox 796 2327 1456 2381; baseline -0.003 -14"><span class='ocrx_word' id='word_1_220' title='bbox 796 2331 899 2367; x_wconf 78' lang='lat' dir='ltr'>cinus</span> <span class='ocrx_word' id='word_1_221' title='bbox 919 2340 958 2367; x_wconf 87' lang='lat' dir='ltr'>et</span> <span class='ocrx_word' id='word_1_222' title='bbox 982 2345 1051 2381; x_wconf 84' lang='lat' dir='ltr'>pro</span> <span class='ocrx_word' id='word_1_223' title='bbox 1072 2331 1190 2376; x_wconf 88' lang='lat' dir='ltr'>hono,</span> <span class='ocrx_word' id='word_1_224' title='bbox 1210 2341 1247 2367; x_wconf 89' lang='lat' dir='ltr'>et</span> <span class='ocrx_word' id='word_1_225' title='bbox 1268 2343 1336 2380; x_wconf 84' lang='lat' dir='ltr'>pro</span> <span class='ocrx_word' id='word_1_226' title='bbox 1355 2327 1456 2366; x_wconf 89' lang='lat' dir='ltr'>malo</span> 
     </span>
     <span class='ocr_line' id='line_1_48' title="bbox 796 2385 1458 2438; baseline -0.005 -14"><span class='ocrx_word' id='word_1_227' title='bbox 796 2385 896 2424; x_wconf 64' lang='lat' dir='ltr'>saelo</span> <span class='ocrx_word' id='word_1_228' title='bbox 920 2387 1115 2438; x_wconf 80' lang='lat' dir='ltr'>accipitur.</span> <span class='ocrx_word' id='word_1_229' title='bbox 1160 2385 1458 2423; x_wconf 72' lang='lat' dir='ltr'>Pulcherrimum</span> 
     </span>
     <span class='ocr_line' id='line_1_49' title="bbox 791 2440 1455 2493; baseline 0 -16"><span class='ocrx_word' id='word_1_230' title='bbox 791 2442 968 2493; x_wconf 69' lang='lat' dir='ltr'>siwinus,</span> <span class='ocrx_word' id='word_1_231' title='bbox 1000 2454 1076 2492; x_wconf 83' lang='lat' dir='ltr'>quo</span> <span class='ocrx_word' id='word_1_232' title='bbox 1105 2454 1210 2493; x_wconf 86' lang='lat' dir='ltr'>pene</span> <span class='ocrx_word' id='word_1_233' title='bbox 1241 2440 1455 2480; x_wconf 83' lang='lat' dir='ltr'>exclamaui</span> 
     </span>
     <span class='ocr_line' id='line_1_50' title="bbox 800 2494 1458 2550; baseline -0.002 -16"><span class='ocrx_word' id='word_1_234' title='bbox 800 2510 890 2548; x_wconf 81' lang='lat' dir='ltr'>prae</span> <span class='ocrx_word' id='word_1_235' title='bbox 909 2499 1066 2549; x_wconf 78' lang='lat' dir='ltr'>gaudio,</span> <span class='ocrx_word' id='word_1_236' title='bbox 1098 2497 1327 2550; x_wconf 85' lang='lat' dir='ltr'>etcognoui‚</span> <span class='ocrx_word' id='word_1_237' title='bbox 1353 2494 1458 2548; x_wconf 83' lang='lat' dir='ltr'>qued</span> 
     </span>
     <span class='ocr_line' id='line_1_51' title="bbox 801 2551 1457 2605; baseline 0.006 -19"><span class='ocrx_word' id='word_1_238' title='bbox 801 2563 956 2605; x_wconf 74' lang='lat' dir='ltr'>patruus</span> <span class='ocrx_word' id='word_1_239' title='bbox 975 2566 1058 2592; x_wconf 86' lang='lat' dir='ltr'>tuus</span> <span class='ocrx_word' id='word_1_240' title='bbox 1077 2556 1181 2593; x_wconf 74' lang='lat' dir='ltr'>vxori</span> <span class='ocrx_word' id='word_1_241' title='bbox 1205 2566 1295 2593; x_wconf 82' lang='lat' dir='ltr'>tuae</span> <span class='ocrx_word' id='word_1_242' title='bbox 1308 2551 1457 2592; x_wconf 88' lang='lat' dir='ltr'>Phanio</span> 
     </span>
     <span class='ocr_line' id='line_1_52' title="bbox 803 2613 1086 2661; baseline 0.007 -15"><span class='ocrx_word' id='word_1_243' title='bbox 803 2620 911 2661; x_wconf 79' lang='lat' dir='ltr'>patei·</span> <span class='ocrx_word' id='word_1_244' title='bbox 933 2613 984 2648; x_wconf 81' lang='grc' dir='ltr'>Ιιῐ.</span> <span class='ocrx_word' id='word_1_245' title='bbox 1043 2614 1086 2650; x_wconf 83' lang='grc' dir='ltr'>Ε.</span> 
     </span>
    </p>

    <p class='ocr_par' dir='ltr' id='par_1_26' title="bbox 808 2665 1461 2764">
     <span class='ocr_line' id='line_1_53' title="bbox 862 2665 1461 2719; baseline -0.005 -15"><span class='ocrx_word' id='word_1_246' title='bbox 862 2669 932 2704; x_wconf 68' lang='lat' dir='ltr'>Pro</span> <span class='ocrx_word' id='word_1_247' title='bbox 945 2666 1045 2719; x_wconf 73' lang='lat' dir='ltr'>Euge</span> <span class='ocrx_word' id='word_1_248' title='bbox 1064 2666 1243 2705; x_wconf 75' lang='lat' dir='ltr'>meliores</span> <span class='ocrx_word' id='word_1_249' title='bbox 1263 2665 1401 2705; x_wconf 78' lang='lat' dir='ltr'>Faerni</span> <span class='ocrx_word' id='word_1_250' title='bbox 1421 2673 1461 2702; x_wconf 90' lang='lat' dir='ltr'>et</span> 
     </span>
     <span class='ocr_line' id='line_1_54' title="bbox 808 2721 1406 2764; baseline 0.002 -3"><span class='ocrx_word' id='word_1_251' title='bbox 808 2721 925 2761; x_wconf 82' lang='lat' dir='ltr'>nosti-i</span> <span class='ocrx_word' id='word_1_252' title='bbox 947 2723 1030 2760; x_wconf 80' lang='lat' dir='ltr'>libri</span> <span class='ocrx_word' id='word_1_253' title='bbox 1051 2722 1237 2762; x_wconf 74' lang='lat' dir='ltr'>exhibent</span> <span class='ocrx_word' id='word_1_254' title='bbox 1260 2724 1328 2764; x_wconf 84' lang='lat' dir='ltr'>Eu.</span> <span class='ocrx_word' id='word_1_255' title='bbox 1366 2723 1406 2762; x_wconf 80' lang='lat' dir='ltr'>B.</span> 
     </span>
    </p>

    <p class='ocr_par' dir='ltr' id='par_1_27' title="bbox 921 2782 1050 2833">
     <span class='ocr_line' id='line_1_55' title="bbox 921 2782 1050 2833; baseline -0.008 -13"><span class='ocrx_word' id='word_1_256' title='bbox 921 2782 996 2820; x_wconf 85' lang='lat' dir='ltr'>Nn</span> <span class='ocrx_word' id='word_1_257' title='bbox 1027 2791 1050 2833; x_wconf 82' lang='lat'><em>5</em></span> 
     </span>
    </p>
   </div>
  </div>
 </body>
</html>
