1875 3292
439 199 470 246 6
922 192 1304 240 PROLOGVS

573 327 745 389 Rapere
765 324 810 368 in
834 325 1033 386 peiorem
1057 333 1242 387 partem,
1267 336 1399 384 quam
1424 318 1563 369 affini
1585 321 1760 371 sumus:

576 401 747 448 Indicio
772 399 824 445 de
846 399 885 445 se
911 399 998 464 ipse
1024 401 1131 453 erit3
1170 416 1247 445 vos
1274 399 1391 443 eritis
1414 398 1593 452 iudices,

458 510 460 513 -
516 495 541 544 ς
578 471 762 524 Laudin'
784 493 836 522 an
859 477 965 522 vitio
987 475 1086 522 duci
1112 474 1157 521 id
1180 471 1342 524 saelum
1368 485 1584 538 oporteat.

575 552 1032 617 Synapothnescontes
1058 551 1230 615 Diphili
1257 549 1566 597 Comoedia'st:

571 633 683 678 Eam
705 631 1059 677 Commorientes
1080 627 1255 675 Plautus
1275 626 1376 674 fecit
1397 625 1603 674 fabulam.

496 863 519 905 3
551 850 695 902 Rapere
707 852 746 888 in
759 851 919 902 peiorem
937 849 1102 904 partem]

440 910 616 948 Varieras
636 920 706 959 per
715 920 862 960 genera
876 907 1105 955 verborum5

441 977 482 1006 et
509 965 661 1016 Vtrique
682 960 898 1003 sententiae
916 975 1005 1018 apte
1024 964 1108 1003 inn-

444 1023 572 1077 gimus
599 1020 832 1073 Scripturam
844 1020 973 1072 suam.
1030 1021 1106 1061 Ra-

437 1092 531 1134 pere
549 1079 588 1117 in
608 1079 770 1129 peiorem
787 1079 950 1133 partem]
983 1077 1027 1117 Id
1053 1076 1107 1117 est

445 1135 534 1176 vitio
555 1134 657 1179 dare,
679 1135 911 1188 vituperar.e
968 1139 1020 1178 D

484 1192 546 1247 'Iit
579 1194 743 1245 peiorem
776 1202 947 1246 partem,
992 1204 1107 1245 quam

444 1250 565 1289 affari
598 1247 761 1302 fitmus]
808 1247 1106 1295 Animaduertit,

445 1306 604 1356 iniquos
628 1318 765 1355 rapere
791 1305 904 1346 aliter
923 1305 1031 1357 quod
1050 1304 1105 1343 di-

444 1363 546 1401 &um
567 1361 621 1401 est
641 1376 662 1401 a
679 1362 880 1412 Terentio,
903 1375 1019 1415 quam
1033 1375 1106 1401 nos

443 1418 561 1460 afiluri
579 1415 717 1458 sumus.
772 1421 815 1460 E.

500 1544 529 1584 4
567 1531 712 1571 Indicio
746 1530 788 1569 de
809 1529 852 1581 ft
890 1533 971 1584 ipse
1011 1531 1106 1585 erit]

443 1589 552 1633 Mire
572 1588 747 1642 expressit
758 1587 1035 1638 simplicitatem
1049 1602 1107 1627 ve—

447 1659 489 1686 ra
515 1644 672 1692 diffluri,
703 1656 825 1695 quum
847 1643 1107 1682 indicaturum

448 1700 500 1740 de
529 1698 566 1738 se
593 1700 708 1746 dixit,
751 1712 835 1737 non
864 1710 1108 1739 narraturum

448 1755 550 1808 (Lib.
571 1769 754 1808 vterque,
784 1757 889 1795 Mire
914 1757 967 1795 de
992 1753 1029 1795 se
1048 1770 1110 1794 ex-

444 1810 587 1868 preffit‚
609 1811 889 1867 fintp-licitatem
908 1826 1034 1852 veram
1057 1812 1110 1851 di-

448 1870 571 1911 c‘lurus
584 1902 592 1920 ‚
644 1883 755 1922 quum
793 1869 1043 1909 indicaturum
1064 1868 1111 1920 se}

450 1927 606 1974 dixerit,
627 1940 701 1965 non
721 1927 1003 1977 narraturum).
1062 1929 1113 1966 Et

447 1984 593 2024 Indicio
606 1985 689 2031 erit,
705 1996 773 2034 pro
787 1983 906 2022 Index
916 1985 1000 2024 erit.
1055 1983 1113 2020 ln-

451 2041 546 2081 dicz'o
567 2039 678 2093 dese]
711 2041 859 2079 Iudicat
889 2040 942 2089 is,
976 2039 1041 2090 qui
1064 2038 1113 2077 de

450 2095 489 2136 se
507 2098 642 2136 volens
661 2096 822 2148 aliquid,
842 2106 880 2135 et
900 2096 949 2134 de
967 2096 1048 2135 aliis
1060 2106 1111 2135 et-

452 2155 526 2193 iarn
548 2152 675 2205 prodit
692 2152 847 2205 (Iidem
872 2151 966 2199 libri,
987 2154 1050 2205 qui
1068 2152 1110 2190 de

443 2211 487 2262 fi
499 2223 655 2257 tantum,
675 2209 839 2248 etadhuc
851 2211 994 2251 inuttus
1007 2207 1112 2261 quid-

454 2280 538 2305 nam
556 2266 801 2321 prouztlgat):
832 2263 896 2305 sed
916 2264 1113 2316 confitetur

456 2324 522 2374 qui
545 2325 595 2362 de
616 2321 652 2361 se
673 2333 843 2367 tantum,
873 2333 913 2360 et
933 2324 996 2372 qui
1020 2323 1112 2360 inui-

457 2391 530 2420 tus,
592 2381 664 2416 Vos
685 2381 790 2418 eritis
809 2379 962 2432 iudices]
984 2382 1113 2417 Bene:

457 2436 546 2485 quia
562 2435 659 2486 apud
675 2436 819 2474 iudices
833 2436 1018 2476 indicium
1033 2447 1114 2483 pro-

457 2489 628 2535 fitentur,
656 2493 719 2541 qni
742 2490 993 2532 accusatorem
1012 2491 1114 2530 adiu-

459 2558 565 2586 uant.
625 2550 670 2586 1).
899 2593 901 2595 Ι

516 2603 654 2642 Indicio
678 2603 721 2642 de
740 2602 783 2652 fi
813 2604 888 2656 ipfi’
908 2604 1000 2657 erit]
1033 2600 1116 2665 lpse

456 2661 579 2698 voluit
599 2659 648 2699 de
670 2657 706 2698 se
723 2660 907 2699 indicium
929 2662 1031 2708 dare,
1065 2660 1115 2697 vti

461 2729 527 2757 vos
567 2715 716 2757 iudices
753 2713 830 2758 effe
859 2718 1026 2773 poffitis,
1077 2714 1118 2757 id

1760 705 1816 752 In

1155 847 1259 902 quod
1293 847 1385 888 facit
1414 863 1463 888 an
1497 848 1733 890 laudandum
1759 848 1814 898 fit,

1154 921 1204 946 an
1224 906 1535 957 vituperandum.
1595 910 1639 947 E.

1213 958 1243 1016 5¹
1269 963 1430 1002 Laudin’
1461 978 1509 1004 an
1533 963 1653 1018 vitio]
1692 962 1820 1004 Medi·

1157 1034 1221 1059 um
1241 1033 1321 1058 non
1350 1019 1468 1068 fecit,
1498 1031 1538 1060 vt
1554 1028 1759 1072 appa1·eat‚'
1789 1019 1817 1060 fi

1157 1078 1305 1117 crimen
1337 1090 1419 1116 non
1448 1076 1509 1127 fit,
1539 1077 1643 1117 laudi
1672 1076 1819 1118 debere

1156 1131 1246 1174 esse.
1305 1134 1355 1173 D.

1210 1193 1432 1230 Pronomen
1444 1189 1494 1239 id,
1511 1191 1722 1243 interpone
1737 1188 1821 1242 post

1152 1249 1306 1301 fufium,
1329 1261 1379 1287 ex
1399 1246 1601 1296 Bembino,
1622 1247 1765 1289 Vffior.
1780 1257 1820 1287 et

1157 1303 1310 1344 duobus
1336 1305 1453 1357 regiis
1471 1304 1584 1345 codd.
1642 1307 1682 1345 Β.

1212 1365 1237 1404 6
1268 1361 1649 1413 Synapothnqlkontes
1668 1358 1820 1413 Diphili

1158 1418 1356 1459 Comoedia
1377 1416 1443 1472 est]
1474 1420 1509 1458 N
1514 1431 1558 1457 ec
1569 1418 1736 1466 numeri,
1749 1429 1822 1458 nec

1157 1487 1306 1529 genera
1333 1473 1574 1526 respicienda
1594 1471 1697 1524 sunt,
1729 1487 1823 1514 con-

1156 1543 1212 1572 tra
1240 1529 1470 1571 sententiam
1493 1544 1660 1583 remque
1683 1529 1820 1584 ipsam.

1156 1593 1207 1630 D.

1217 1656 1245 1695 7
1286 1643 1376 1681 Eam
1403 1646 1681 1683 commorientes
1711 1645 1823 1684 Plau-

1158 1714 1217 1740 tus
1239 1700 1339 1752 fhcit
1357 1699 1551 1754 fabulam]
1579 1701 1685 1740 Sicut
1715 1699 1822 1753 apud

1159 1759 1326 1797 Glaecos
1353 1760 1484 1805 δρᾶμα,
1517 1757 1564 1796 fic
1593 1756 1697 1808 apud
1726 1758 1823 1799 Lati-

1160 1826 1232 1854 nos
1251 1813 1488 1875 generaliter
1502 1812 1642 1866 fabula
1666 1813 1824 1854 dicitur.

1160 1871 1269 1909 cuius
1292 1867 1446 1921 species
1473 1867 1578 1917 sunt,
1604 1870 1823 1926 Tragoedia,

1162 1927 1371 1974 Comoedia,
1393 1927 1553 1981 Togata,
1579 1927 1824 1976 Rhemum,

1164 1985 1388 2029 Praetexta,
1425 1984 1638 2035 Crepidata,
1668 1983 1826 2026 Auella-

1162 2054 1224 2086 na,
1248 2040 1380 2088 μικτὸς,
1402 2039 1638 2082 Rhintonica,
1695 2044 1745 2082 D.

1222 2097 1507 2136 Commorientes
1529 2097 1682 2137 Plautus
1704 2096 1824 2154 ficit]

1163 2153 1278 2204 Apud
1312 2153 1483 2194 Gellium
1520 2167 1590 2203 111,
1628 2166 1664 2205 3.
1706 2165 1828 2207 negat

1162 2208 1262 2248 hane
1284 2212 1309 2248 F
1313 2209 1466 2250 abolam
1488 2208 1566 2249 effe
1586 2211 1637 2250 Pl
1630 2213 1708 2252 iuti
1724 2215 1827 2251 Mar-

1164 2279 1228 2305 cus
1260 2269 1399 2315 Varro,
1441 2264 1506 2305 seu
1532 2268 1660 2319 potius
1689 2268 1827 2310 Accius

1164 2323 1265 2373 apud
1287 2327 1517 2370 Varronem,
1541 2321 1605 2363 sed
1631 2325 1827 2365 auetorem

1165 2376 1242 2418 ess'e
1264 2381 1320 2420 M.
1343 2380 1556 2431 Aquilium.
1614 2383 1711 2425 Nam
1733 2384 1828 2421 Var-

1166 2448 1206 2477 ro
1227 2433 1316 2485 ipse,
1336 2447 1523 2486 quantum
1545 2450 1593 2476 ex
1603 2437 1831 2477 verbis'Gel-

1168 2493 1205 2529 lii
1228 2493 1446 2543 colligitur,
1479 2506 1557 2532 non
1577 2495 1736 2545 Aquilio
1766 2493 1830 2531 tri-

1167 2548 1275 2593 buit,
1315 2548 1375 2587 secl
1411 2550 1539 2599 potius
1572 2551 1721 2591 Plautio
1755 2550 1832 2591 cui-

1169 2604 1269 2644 dam.
1343 2605 1461 2657 lgitm
1498 2619 1586 2648 cum
1624 2605 1829 2670 probabile

1170 2674 1249 2698 non
1269 2659 1322 2707 sit,
1343 2648 1589 2711 'lei-entium,
1619 2664 1682 2714 qni
1706 2661 1831 2702 statim

1169 2716 1252 2771 post
1277 2692 1455 2760 Plautum
1481 2720 1594 2771 vixit,
1619 2716 1828 2782 ignorafl'e‚

1742 2775 1827 2830 quis
