1875 3244
664 183 961 230 ADELPH.

1385 195 1474 245 ²⁴¹3

235 311 365 364 Missa
389 313 524 362 facio:
563 311 802 365 effundite,
837 313 992 363 emite,
1045 309 1170 355 facite
1207 308 1327 373 quod
1350 309 1474 357 vobis

335 390 471 438 lubet.

139 484 199 534 35
233 468 318 516 Sed
351 465 381 513 fi
413 468 457 513 id
490 466 619 514 vultis
651 468 825 532 potius,
870 479 982 527 quae
1004 479 1083 509 vos
1107 470 1295 527 propter
1318 460 1475 508 adoles-

336 546 522 591 centiam

234 623 390 668 Minus
424 619 604 673 videtis,
637 618 776 678 magis
810 614 1004 682 impense
1039 615 1227 679 cupitis,
1259 612 1477 660 consulitis

336 713 510 761 parum,

239 777 362 820 Haec
381 769 708 837 reprehendere
732 779 776 816 et
794 770 1015 830 corrigere
1038 782 1124 836 me,
1154 775 1198 812 et
1221 764 1480 813 obsecunda-

335 865 383 899 re
402 850 448 895 in
467 847 589 895 loco:

114 1086 185 1114 tem
223 1082 424 1125 propterea
464 1071 622 1110 omnino.
679 1067 771 1114 Vei,

113 1130 235 1169 Nunc
253 1141 376 1167 autem
396 1125 439 1165 ob
461 1126 546 1166 haec
567 1123 691 1164 omnia
711 1126 770 1176 Z.)

109 1185 221 1225 vobis
241 1186 318 1225 vita
336 1196 425 1223 mea
443 1180 568 1222 inuisa
587 1181 651 1231 est,
682 1181 773 1233 quia

110 1256 192 1282 non
214 1241 428 1293 aequaliter
445 1249 487 1279 et
503 1238 617 1291 iusta,
643 1247 684 1278 et
710 1240 771 1276 in·

110 1298 204 1351 iusta
224 1294 444 1350 persequor.
501 1300 546 1337 Ε.
573 1341 576 1343 ,

169 1369 220 1407 35
249 1356 358 1410 Qae
391 1366 460 1393 vos
469 1353 602 1405 potius
616 1361 775 1404 propter

111 1411 388 1462 adolescentiam
435 1413 556 1448 minus
604 1406 773 1460 videtis]

112 1470 189 1510 Hic
214 1466 382 1506 ostendit
400 1465 629 1510 Terentius,
650 1463 776 1516 magis

112 1528 304 1566 Demeam
325 1519 685 1561 iinuilafl'emutatos
696 1532 778 1557 mo-

113 1594 186 1628 res,
212 1593 326 1631 quam
349 1574 560 1618 mutauifl'e.
615 1578 665 1615 D.
774 1623 779 1628 Δ

172 1640 226 1689 36
255 1636 391 1675 Minus
409 1633 554 1680 videtis,
573 1634 692 1687 magis
714 1632 778 1676 im-

110 1692 218 1747 pense
239 1694 382 1745 cupitis,
415 1688 607 1742 confiditis
625 1685 776 1740 parum]

116 1757 291 1799 εῐρωνείκ,
343 1749 482 1794 minus,
527 1747 669 1800 magis,
709 1755 777 1796 pa-

120 1820 212 1845 rum.
269 1807 319 1845 D.

175 1873 228 1915 37
258 1861 359 1900 Haec
369 1857 641 1911 reprehendere,
658 1869 694 1896 et
703 1868 781 1894 cor·

120 1920 315 1973 rigereme‚
335 1930 368 1955 et
380 1915 582 1967 secundare
597 1912 780 1966 (obsecun-

121 1977 210 2013 dare
241 1970 313 2012 Ms.
341 1973 410 2020 H.)
437 1974 478 2011 in
506 1970 602 2018 loco]
639 1967 781 2010 Tribus

126 2031 194 2068 tria
217 2027 454 2068 redduntur:
486 2037 526 2068 et
544 2037 705 2077 vtraque
723 2025 782 2063 αὖ·

124 2088 276 2132 firmic.
337 2084 406 2123 lna
426 2085 464 2123 in
477 2084 616 2123 malam
634 2092 782 2135 partem

124 2141 339 2191 superiora:
360 2139 455 2179 haec
465 2140 505 2179 in
516 2138 671 2185 bonam,
683 2149 785 2190 quae

126 2197 313 2238 inferiora
345 2193 439 2236 sunt.
503 2198 596 2235 Non
633 2205 786 2234 tanturn

127 2255 232 2296 enim
256 2253 393 2304 culpae
412 2251 477 2300 est,
506 2253 634 2292 minus
656 2250 786 2303 proui-

128 2310 244 2356 dere,
279 2322 394 2360 quam
422 2304 596 2359 impense
622 2309 785 2358 cupere:

129 2381 205 2409 vec
238 2376 383 2404 tantum
413 2365 504 2404 mali
532 2363 585 2404 est
612 2358 788 2414 impense

129 2435 291 2475 cupere,
322 2432 508 2473 qnantum
534 2433 670 2471 parum
701 2431 790 2470 con-

130 2479 270 2521 sulere.
346 2474 448 2517 ltem'
480 2474 786 2527 reprehendere,

130 2536 284 2576 bonum
306 2533 381 2573 est:
410 2532 560 2578 melius,
574 2528 790 2586 col-rigerei

135 2593 350 2646 optimum,
397 2585 622 2628 secundare.
692 2591 791 2628 Nam

134 2650 202 2701 qui
223 2646 484 2699 reprehendit,
505 2657 587 2683 non
603 2645 792 2683 continuo

135 2705 312 2759 corrigit3
343 2703 410 2756 qui
432 2701 603 2755 corrigit,
637 2713 717 2742 non
738 2700 795 2739 ili-

1369 921 1484 965 Ecce

820 1079 867 1106 eo
888 1063 1083 1111 secundat,
1104 1064 1143 1103 id
1155 1062 1226 1112 est,
1239 1063 1485 1103 laetissimum

822 1124 951 1164 reddit
983 1133 1024 1161 et
1042 1121 1296 1160 fidelissimum
1323 1118 1487 1170 (jc-licis]

809 1178 980 1233 fimum).
1035 1179 1114 1218 Alii
1139 1176 1360 1226 Secundam,
1381 1174 1489 1214 obse·

823 1237 890 1289 qui
913 1235 1056 1275 dietum
1079 1245 1236 1287 putant:
1265 1233 1407 1272 etideo
1424 1231 1486 1271 ad-

823 1294 948 1332 ditum
980 1289 1060 1330 effe
1088 1294 1127 1330 in
1144 1292 1244 1328 loco:
1274 1289 1377 1341 quali
1405 1301 1490 1327 non

824 1347 977 1401 semper
1009 1346 1236 1387 faciendum
1273 1345 1326 1385 iit.
1381 1349 1489 1398 Ergo

825 1404 1052 1450 secundare,
1083 1403 1143 1443 vel
1172 1404 1214 1441 in
1237 1403 1374 1442 melius
1398 1414 1493 1440 con-

827 1473 1002 1508 uertere,
1034 1461 1097 1499 vel
1119 1456 1282 1511 obsequi
1305 1456 1494 1510 intelligi-

825 1531 926 1559 mus.
981 1519 1029 1557 D.

884 1572 1140 1623 Obsecundare
1167 1574 1207 1611 in
1237 1570 1336 1618 loco]
1372 1571 1427 1609 Vt
1453 1581 1494 1608 ο·

828 1630 986 1683 portuit‚
1014 1628 1151 1667 iudicis
1175 1627 1406 1667 sententiam
1425 1625 1497 1664 de·

829 1686 1009 1733 clarauit,
1045 1685 1141 1723 dum
1167 1693 1265 1734 (tum
1293 1684 1356 1735 Z.)
1387 1681 1494 1722 adie-

829 1744 882 1783 cit
896 1747 934 1783 in
953 1744 1044 1788 loco,
1077 1743 1128 1780 vti
1152 1738 1298 1781 diuersa
1319 1752 1420 1791 quae
1443 1738 1495 1777 sa·

831 1800 908 1845 ciat
950 1796 1125 1851 (faciam
1169 1801 1232 1850 Z.)
1277 1794 1495 1848 reprehen-

833 1855 952 1902 dens,
981 1855 1181 1908 corrigens
1211 1853 1327 1894 etiam
1347 1853 1390 1890 in
1409 1852 1496 1890 loco

832 1909 1075 1952 obsecundet
1104 1921 1144 1949 et
1173 1909 1314 1950 faueat.
1360 1921 1497 1959 quem-

833 1967 1045 2009 admodum
1094 1966 1156 2005 hic
1199 1962 1499 2005 conuersatione

833 2025 989 2065 mollior
1018 2020 1116 2062 visus
1147 2023 1201 2062 est
1226 2025 1396 2069 Demea,
1428 2020 1498 2071 qui

833 2083 951 2122 durus
979 2090 1092 2119 antea
1111 2078 1335 2125 videbatur,
1364 2088 1404 2115 et
1423 2080 1498 2129 (tta

833 2140 897 2190 Z.)
925 2137 1046 2179 Micio
1077 2137 1140 2176 vix
1170 2133 1400 2185 probabilis,
1430 2134 1497 2185 qui

836 2193 1040 2234 videbatur
1081 2203 1221 2230 tenere
1267 2190 1498 2229 bonitatem.

835 2250 1022 2300 Denique
1049 2244 1217 2287 afl'ensus
1244 2245 1292 2284 ab
1318 2244 1500 2285 omnibus

837 2304 1104 2345 commodatus
1123 2303 1276 2343 videtur
1295 2302 1433 2341 reffflri
1446 2299 1500 2340 es-

837 2360 896 2401 se:
931 2361 1038 2407 Tibi,
1062 2372 1190 2412 pater,
1221 2360 1501 2412 permittimus.-

839 2416 931 2460 Plus
939 2415 1027 2467 fiis,
1040 2416 1132 2468 quid
1140 2414 1247 2468 sueto
1260 2426 1350 2467 opus
1362 2414 1420 2466 est.
1449 2416 1493 2454 E.

866 2512 868 2515 .
893 2476 987 2527 Leg.
1017 2471 1068 2512 Et
1087 2471 1343 2525 reprehendere
1359 2483 1396 2509 et
1421 2483 1501 2509 cor·

840 2532 959 2585 rigere
982 2542 1107 2582 quem;
1139 2526 1379 2578 obsecundare
1398 2529 1438 2565 in
1452 2526 1503 2564 lo·

843 2601 896 2625 co.
952 2589 1050 2626 Nam
1078 2584 1175 2623 illud
1194 2585 1282 2632 Me,
1315 2596 1403 2622 cum
1432 2582 1502 2620 sta-

843 2644 913 2682 tim
936 2639 1115 2693 sequatur
1135 2639 1227 2688 Me,
1262 2639 1440 2690 putidum
1462 2649 1502 2676 et

845 2701 1024 2793 ineptam
1045 2696 1099 2736 est
1117 2694 1367 2736 censendum.
1410 2698 1449 2733 B.

1023 2764 1047 2808 3
