1875 3292
382 209 419 257 4
781 182 1357 232 ARGVMENTVM.

389 309 640 368 Ctesiphonis
660 323 748 351 cum
767 310 866 365 Syro
884 308 1148 361 colloquium:
1179 305 1424 346 delusionem
1444 305 1649 347 Demeae:
1680 294 1780 345 eius-

391 374 564 425 demque
592 371 632 410 in
661 371 829 410 Scenam
858 367 1152 413 interuentum,
1186 375 1304 415 atque
1330 361 1540 403 secundam
1569 361 1782 403 frustratio-

392 442 488 474 nem
524 441 595 481 pet·
613 427 763 479 'Syrum
796 422 954 466 faEtam:
992 421 1182 464 Micionis
1201 434 1289 460 cum
1318 421 1506 474 Hegione
1540 417 1783 460 sermonem:

394 486 595 544 querelam
615 479 799 524 Aeschini
819 480 871 520 de
889 479 1004 519 rebus
1026 476 1117 527 suis,
1148 475 1403 528 eiusdemque
1419 490 1510 516 cum
1522 477 1695 517 Micione
1717 490 1786 529 pa-

394 556 457 586 tre
483 539 744 581 facetissimam
770 534 1095 577 differtationem:
1135 537 1312 575 Demeae
1339 532 1511 573 reditum
1544 535 1585 573 in
1612 534 1784 574 scenam

399 615 450 642 ex
470 609 623 644 errore,
648 596 690 636 in
709 607 826 647 quem
845 607 934 634 eum
954 594 1178 632 coniecerat
1200 592 1339 644 Syrus:
1365 600 1404 629 et
1434 601 1667 630 renouatum
1694 603 1784 629 cum

399 657 518 700 fratre
535 651 706 694 eiusdem
719 651 910 705 iurgium:
933 648 1217 702 proceffionem
1229 650 1269 687 in
1284 650 1450 689 Scenam
1462 647 1670 686 temulenti
1683 647 1783 701 Syri.

401 716 570 770 Quintus
588 711 687 750 afta-s
705 708 803 748 haec
823 707 1002 747 continet
1014 736 1024 754 ,
1054 703 1422 758 Depi·ehen{ionem
1433 703 1683 756 Cteliphonis
1697 717 1787 744 cum.

404 769 632 811 meretrice:
661 767 817 805 tertium
846 777 933 803 cum
962 762 1139 804 Micione
1169 762 1339 816 iurgium
1368 761 1571 812 Demeae,
1599 759 1790 800 eiusdem-

407 842 487 880 que
504 826 605 865 v-itae
625 822 808 876 pristinae
826 821 1118 872 correptionem
1134 835 1141 859 :
1173 830 1213 858 et
1230 832 1302 871 per
1321 832 1409 858 eum
1426 818 1544 857 multa
1559 819 1600 857 in
1614 820 1791 860 Comoe-

408 884 473 924 dia
493 895 598 922 noua
611 911 622 928 ,
650 879 726 918 hoc
745 878 808 924 est,
828 877 1145 917 blandimentum
1168 877 1267 915 circa
1278 873 1533 924 Aeschinum,
1565 885 1605 914 et
1624 873 1791 914 affabili-

408 952 530 981 tatem
551 939 647 977 circa
670 938 830 976 Getam:
859 934 1176 973 conciliationem
1195 933 1281 986 Syri
1310 943 1352 972 et
1372 932 1498 971 vxoris
1525 932 1629 971 eins:
1663 943 1702 971 et
1721 944 1792 972 ve-

411 998 520 1038 niam
540 996 638 1033 circa
656 991 954 1044 Ctesiphonem:
986 990 1362 1044 permiffionemque
1384 986 1593 1028 habendae
1620 989 1792 1029 meretri-

413 1056 481 1093 cis.
540 1054 725 1093 Seruatus
751 1059 883 1088 autem
911 1061 983 1100 per
1012 1058 1133 1086 totam
1156 1047 1339 1088 Fabulam
1359 1046 1462 1085 mitis
1482 1046 1626 1092 Micio,
1657 1042 1792 1085 saeuus

412 1114 579 1157 Demea,
599 1110 709 1147 Leno
733 1118 878 1153 auarus,
901 1103 1060 1143 callidus
1081 1106 1207 1156 Syrus,
1225 1103 1382 1143 timidus
1406 1101 1602 1154 Ctesipho,
1622 1102 1794 1143 liberalis

413 1163 646 1214 Aeschinus,
669 1161 832 1214 pauidae
853 1162 1048 1209 mulieres,
1068 1162 1194 1213 grauis
1205 1160 1348 1214 Hegio.
1405 1162 1450 1199 In
1471 1159 1693 1199 diuidendis
1706 1160 1795 1199 affi-

415 1223 491 1264 bus
510 1220 681 1262 Fabulae
708 1218 926 1258 identidem
953 1217 1256 1265 meminerimus,
1285 1218 1412 1269 primo
1432 1217 1662 1269 paginarum
1683 1216 1798 1256 dinu-

415 1278 678 1320 merationem
700 1288 831 1326 neque
840 1276 1016 1322 Graecos,
1037 1287 1169 1325 neque
1185 1274 1344 1314 Latinos
1366 1271 1546 1313 seruasse:
1579 1277 1698 1324 quum
1713 1274 1798 1314 eius

418 1335 635 1376 distributio
657 1332 876 1372 huiusmodi
896 1332 1086 1371 rationem
1107 1330 1269 1378 habeat,
1303 1342 1342 1369 vt
1360 1329 1425 1369 vbi
1451 1331 1637 1370 attentior
1657 1328 1799 1383 specla-

416 1404 480 1433 tor
498 1389 576 1432 effe
594 1390 783 1443 potuerit,
800 1389 964 1441 -longior
985 1387 1087 1427 actus
1111 1387 1174 1427 fit:
1204 1387 1267 1427 vbi
1289 1385 1533 1436 fastidiosior,
1570 1387 1728 1427 breuior
1746 1397 1800 1427 at·

415 1463 500 1502 que
520 1448 760 1487 conti-affinia
817 1444 977 1486 Deinde
994 1445 1110 1483 etiam
1130 1444 1225 1483 illud
1241 1473 1251 1491 ‚
1284 1445 1325 1483 in
1353 1444 1527 1483 eundem
1546 1444 1669 1483 aetum
1690 1441 1800 1497 posse

416 1506 581 1551 coniici,
612 1514 649 1544 et
675 1515 750 1543 tres
778 1514 816 1542 et
838 1513 999 1554 quatuor
1019 1503 1163 1542 Scenas
1191 1501 1483 1540 introeuntium
1511 1512 1626 1552 atque
1655 1514 1802 1542 exeun-

425 1564 523 1602 tium
541 1558 805 1613 personarum.
864 1559 970 1599 Facia
997 1568 1128 1597 autem
1148 1557 1241 1598 haec
1262 1572 1338 1597 vna
1364 1557 1419 1596 est
1438 1558 1490 1596 de
1510 1557 1660 1599 duabus
1679 1563 1708 1601 F
1711 1557 1801 1598 abu·

423 1620 485 1670 lis,
508 1616 701 1669 Adelphis
719 1614 945 1664 Menandri,
967 1625 1009 1654 et
1027 1613 1388 1654 Commorientibus
1409 1614 1577 1666 Diphili,

522 1820 887 1875 FABVLAE
942 1817 1708 1874 INTERLOCVTORES.

432 1967 464 1997 A
474 1967 502 1996 Ε
516 1966 539 1995 S
552 1966 577 1995 c
588 1965 616 1993 H
630 1965 646 1992 1
658 1964 688 1992 N
699 1963 727 1992 v
742 1962 764 1990 s
795 1948 1008 2001 adolescens.
1144 1954 1211 1990 n'E
1226 1962 1254 1990 G
1266 1963 1283 1990 1
1301 1965 1329 1993 ο
1356 1949 1489 2001 finex.

435 2027 460 2053 c
472 2025 498 2052 A
508 2025 536 2051 N
551 2024 578 2050 ‘r
592 2025 617 2050 n
631 2022 658 2049 A
669 2021 697 2048 R
708 2020 738 2047 A
768 2010 916 2046 nutrix.
1144 2016 1183 2047 M
1196 2020 1211 2045 1
1224 2021 1246 2045 c
1257 2020 1272 2046 1
1287 2022 1315 2048 o
1343 2008 1475 2059 senex.

435 2078 721 2108 vri-:smne
753 2063 965 2116 adolescens.
1147 2076 1448 2105 PAMPHILA
1477 2077 1605 2106 nurus.

435 2137 464 2165 D
481 2139 502 2165 a
516 2138 544 2165 o
556 2137 629 2164 ΜΟ
660 2121 812 2172 straus.
939 2141 942 2147 ·
1148 2132 1173 2160 s
1183 2132 1211 2159 A
1223 2133 1251 2159 N
1263 2134 1292 2160 N
1304 2135 1319 2161 1
1334 2135 1363 2163 o
1393 2121 1485 2162 leno.

436 2193 463 2218 D
477 2193 504 2219 E
514 2193 548 2220 M
561 2193 626 2219 EA
680 2193 781 2218 encx.
1151 2188 1174 2216 S
1188 2190 1215 2217 Ο
1227 2189 1249 2216 S
1261 2190 1289 2217 'r
1301 2190 1327 2218 R
1340 2191 1370 2217 A
1385 2191 1413 2218 T
1425 2190 1451 2217 A
1481 2192 1663 2223 mamona.

438 2249 467 2278 G
480 2250 500 2276 ε
513 2249 540 2277 τ
553 2249 582 2277 A
608 2235 761 2288 seruam
1148 2244 1173 2272 s
1183 2246 1209 2274 x
1222 2245 1245 2272 R
1259 2246 1286 2276 v
1298 2246 1321 2274 s
1351 2234 1501 2287 strum,
1548 2254 1551 2257 ·

871 2470 1385 2508 a&

1625 2751 1671 2800 P.
1709 2754 1821 2829 TE·
