1875 3244
635 215 938 262 HECYRA:

1356 222 1457 269 277

220 345 335 400 Quia
363 359 490 405 aegra
518 337 598 390 est:
638 353 681 390 te
712 342 822 390 mihi
846 341 1050 387 iniuriam
1075 338 1215 386 facere
1246 334 1451 388 arbitror,

313 420 544 484 Phidippe,

125 510 185 559 ις
221 495 266 542 Si
285 497 458 547 metuis,
483 494 575 541 satis
602 504 647 540 vt
670 509 789 540 meae
811 491 931 539 domi
953 500 1129 537 curetur
1153 487 1400 549 diligenter.

217 575 291 622 At,
314 577 371 616 ita
394 587 464 616 me
487 573 562 616 Dii
583 580 744 621 ament,
764 569 870 614 haut
890 566 970 615 tibi
992 566 1078 612 hoc
1113 563 1331 616 concedo,
1372 558 1447 609 etfi

315 645 376 690 illi
403 658 525 709 pater
549 661 614 701 ες,

215 724 278 768 Vt
301 730 346 766 tu
375 721 490 766 illam
513 720 677 766 saluam<
690 720 827 780 magis
850 716 971 771 veIiS,
991 732 1122 781 quam
1144 731 1242 776 ego.
1273 713 1316 761 id
1339 713 1451 761 adeo

316 798 433 856 gnati
460 795 598 849 causa3

217 874 366 926 Quem
397 885 481 931 ego
515 870 704 916 intellexi
738 870 856 917 illam
885 869 991 917 haut
1021 869 1194 921 minus,
1238 881 1370 932 quam
1406 863 1448 911 se

313 946 455 1010 ipsum
477 946 781 1007 magnifacere.

80 1144 190 1197 Quid
211 1148 318 1185 enirn
341 1145 396 1186 est
415 1159 450 1186 te
470 1145 554 1200 ἱρῇ),
585 1147 655 1188 nifi
674 1145 738 1188 sci-

79 1203 171 1241 licet
191 1216 257 1242 reo
278 1203 425 1255 culpae,
456 1214 497 1242 et
516 1203 585 1242 tibi
606 1203 674 1256 ipsi
695 1217 739 1244 ac

82 1260 157 1297 tuis
185 1257 367 1299 fauente?
393 1259 453 1297 vel
480 1260 545 1310 qui
573 1272 637 1299 me
657 1258 739 1312 spe-

81 1328 144 1353 res
174 1317 340 1355 vincere.
397 1315 462 1353 Sin
489 1329 529 1353 ea
557 1316 602 1368 est
626 1316 738 1366 causta

78 1371 264 1409 retinendi
288 1370 385 1423 apud
405 1369 484 1417 vos]
515 1371 738 1423 Reprehen-

81 1425 147 1465 fio.
205 1427 255 1466 D.

138 1484 199 1521 Ne
229 1481 355 1531 Causci
392 1483 433 1521 in
470 1480 550 1521 fine
586 1493 734 1522 temere

80 1549 251 1582 acuatur,
281 1551 441 1590 repone,
469 1538 538 1577 Sin
556 1553 594 1576 ea
615 1539 661 1589 est
679 1554 732 1578 re-

78 1593 221 1632 einendt
240 1597 345 1643 caus-‘1
365 1597 468 1645 apisci
487 1608 565 1632 vos.
620 1598 662 1634 B.

134 1660 183 1701 14
208 1650 400 1696 Arbitror,
436 1648 636 1700 Phidippe]
665 1651 734 1688 Be·
766 1680 767 1683 ,

75 1716 133 1742 ne
148 1703 297 1744 addidit
309 1717 468 1753 nomen,
488 1706 658 1744 excitans
670 1719 731 1744 an·

75 1759 265 1798 dientem.
317 1764 366 1815 D.

138 1828 186 1869 15
217 1815 311 1854 Sati,
335 1830 379 1856 vt
395 1831 490 1857 meae
513 1817 614 1856 domi
633 1830 729 1856 cure·

76 1882 144 1910 tur
160 1872 375 1926 diligenter]
407 1874 466 1919 Vt,
495 1887 546 1912 ne
568 1888 662 1912 non.
691 1883 730 1912 et

76 1927 322 1982 iungendum
358 1928 412 1968 est
443 1931 543 1971 Satis
579 1929 730 1984 diligen-

1351 1016 1494 1066 Ncltff
1506 1001 1511 1011 Α

848 1159 899 1201 17
930 1147 975 1188 Id
988 1147 1077 1188 adeo
1095 1146 1205 1202 gnati
1220 1141 1345 1193 causta]
1363 1143 1444 1181 Ho-

788 1204 896 1244 neste
931 1205 1051 1244 amori
1091 1215 1213 1243 nurus
1251 1200 1443 1239 rationem

786 1258 948 1301 subiecit
962 1262 1075 1312 piam.
1130 1263 1228 1299 Nam
1249 1269 1330 1294 non
1352 1266 1444 1315 con:

788 1319 898 1355 tinuo
920 1317 1066 1356 redum
1087 1313 1158 1362 est,
1189 1312 1304 1351 nimis
1324 1322 1446 1348 aman

787 1386 808 1411 a
835 1370 962 1411 socero
992 1384 1152 1418 nurum,
1187 1366 1255 1407 nisi
1284 1376 1443 1416 propter

786 1427 909 1467 filium
951 1427 1142 1480 diligatur.
1210 1428 1318 1463 Bene
1348 1433 1446 1472 ergo

787 1483 904 1523 Gnati
927 1485 1047 1536 causa.
1075 1479 1304 1520 incredibile
1335 1476 1384 1516 est
1403 1489 1439 1514 e-

783 1540 876 1587 nim,
908 1550 1056 1591 patrem
1081 1551 1163 1576 non
1182 1535 1298 1589 patris
1316 1534 1442 1585 pieta-

784 1606 823 1634 te
842 1593 1018 1645 superari.
1075 1596 1127 1635 D.

834 1651 944 1694 Illud,
967 1651 1088 1706 ‚Quam
1113 1662 1199 1701 ego,
1231 1659 1316 1685 cum
1342 1657 1438 1684 osie-

782 1717 841 1745 ret
861 1703 1028 1752 versum,
1057 1717 1096 1744 et
1122 1703 1342 1743 sententiae
1369 1713 1438 1738 no-

782 1773 886 1810 ceat,
929 1761 1168 1801 eliciendum
1198 1756 1276 1798 esse
1304 1755 1437 1795 existi-

779 1832 856 1857 mo.
913 1821 953 1858 B.

838 1881 885 1923 18
925 1874 1043 1926 Quem
1070 1886 1134 1927 ego
1166 1869 1347 1922 intellexi]
1386 1871 1436 1908 Et

779 1928 928 1969 causam
949 1929 1002 1969 sui
1021 1929 1159 1967 amoris
1181 1925 1366 1969 ostendit,
1395 1934 1435 1962 et

77 1995 147 2020 zer.
180 1996 262 2022 non
303 1985 436 2032 enim,
485 1987 633 2025 Metuis
661 1986 726 2036 Jiz-
771 1987 902 2025 mariti
933 1986 1077 2024 nullam
1109 1997 1203 2037 erga
1223 1983 1435 2033 coniugem

78 2039 140 2076 tis.
197 2042 249 2080 D.

141 2095 189 2136 ³6
219 2097 288 2142 At,
325 2097 379 2134 ita
405 2111 459 2135 me
484 2085 554 2136 Dii
590 2111 724 2146 ament,

78 2147 190 2203 bauz]
237 2150 397 2192 Addidit
446 2153 728 2193 inlitu-andum:

76 2206 142 2243 vix
167 2205 270 2252 enim
289 2206 470 2247 credibile
496 2208 547 2247 est
578 2221 729 2248 tantun-

75 2261 168 2299 dem
189 2274 316 2300 amare
336 2259 520 2310 socerum,
540 2277 726 2316 quantum

73 2327 238 2368 patrem.
294 2316 379 2369 Eefi
391 2318 444 2356 illi
458 2331 565 2368 pater
581 2329 632 2368 es]
653 2321 729 2359 Sal-

73 2371 209 2410 justius
233 2373 272 2410 in
293 2375 415 2424 primo
435 2374 547 2423 libro,
577 2377 628 2415 Ee
647 2374 728 2412 libe-

66 2430 130 2466 m's
165 2431 242 2466 eius
269 2429 466 2469 auunculus
500 2445 590 2470 erat.
648 2429 735 2482 Etsi

68 2482 130 2523 illi
153 2495 262 2535 pater
281 2485 330 2526 es]
359 2484 648 2538 compendium
671 2480 726 2525 atss

68 2540 157 2579 tulit
179 2541 414 2590 Virqmen.
434 2554 483 2587 u,
503 2543 615 2595 289.)
643 2543 726 2582 Heu

59 2595 168 2651 fuge,
195 2609 280 2633 nate
309 2595 386 2634 dea.
416 2599 501 2636 Hoc
518 2599 622 2638 enim
643 2595 727 2638 sen-

70 2653 132 2700 tit,
161 2653 399 2704 Quanquam
433 2664 542 2693 natus
575 2654 650 2695 dea
670 2654 726 2706 fis,

71 2706 166 2762 fuge
186 2720 331 2750 tamen.
387 2710 436 2748 D.

778 2043 954 2093 culpam:
986 2042 1136 2093 quippe
1155 2040 1219 2090 qui
1239 2048 1351 2077 amet.
1382 2038 1436 2075 Vt

776 2113 798 2137 a
815 2101 1056 2138 Parmenone
1069 2096 1224 2140 dicium,
1243 2094 1295 2132 Eo
1309 2104 1434 2131 aman·

777 2167 849 2193 tem
872 2157 1033 2192 inuitum
1057 2150 1284 2203 Pamphilum
1305 2160 1431 2186 extru-

778 2211 833 2248 dit
859 2222 976 2262 pater.
1034 2209 1152 2260 Qccm
1179 2220 1244 2261 ego
1265 2205 1429 2243 intellexi

777 2265 877 2304 illam
890 2265 980 2303 haut
990 2268 1122 2308 minus,
1139 2277 1247 2315 quum
1259 2261 1429 2311 fiipstaem

777 2321 1036 2374 magnifacere]
1077 2320 1148 2358 Hie
1179 2316 1363 2355 subtiliter
1390 2328 1429 2353 0-

778 2387 932 2414 neratm·
970 2376 1081 2426 culpa
1114 2385 1253 2411 nums:
1289 2371 1314 2411 fi
1347 2371 1430 2422 qui-

777 2432 866 2472 dem
900 2431 1065 2483 indigne
1094 2430 1274 2483 iniuriam
1313 2426 1428 2466 faciat

775 2486 904 2527 socero
923 2498 960 2527 et
974 2487 1122 2525 marito.
1180 2487 1228 2526 D.

828 2544 871 2582 Se
900 2539 1277 2597 ipficmgmagnficnre]
1307 2540 1355 2579 V.
1379 2538 1426 2580 C.

774 2601 1029 2654 magnisizccre.
1083 2602 1124 2639 L.

830 2655 1005 2707 Repudio
1037 2654 1212 2693 Bembini
1247 2651 1427 2706 Magmfi-

777 2725 870 2762 care,
905 2711 1007 2762 quod
1028 2709 1214 2762 nusquam
1235 2710 1338 2762 apud
1360 2720 1430 2745 no-

889 2772 912 2807 5
946 2780 966 2820 3
1316 2763 1434 2803 strum
