1827 3180
601 195 949 242 PHORMIO.

1353 210 1446 259 505

212 321 600 373 Mercedem'dare
632 323 699 370 lex
719 323 842 371 iubet
864 324 930 376 ei,
963 332 1092 386 atque
1114 323 1342 372 amittere?
1379 343 1451 386 an,

213 405 274 448 Vt
297 416 354 446 ne
376 399 481 463 quid
508 411 638 464 turpe
659 402 766 448 ciuis
791 401 837 447 in
866 398 906 446 se
932 398 1180 445 admitteret

212 479 399 541 Propter
422 474 666 536 egestatem,
689 478 910 541 proxumo
930 469 1091 543 iufl'a'stv
1106 473 1221 532 dari3

71 566 86 570 ’·
115 569 180 618 70
216 557 278 600 Vt
300 568 401 598 cum
422 569 510 598 vno
533 563 714 599 aetatem
737 551 942 613 degeret?
978 549 1100 614 quod
1125 560 1174 596 tu
1195 559 1345 598 vetas&

215 626 321 676 DE.
370 631 458 680 Ita,
497 644 718 692 proxumo
747 627 951 692 quidem:
989 637 1033 674 at
1068 643 1151 673 nos
1182 621 1333 680 vnde?
1376 638 1451 676 aut

314 702 632 767 quamobrem?
668 701 769 751 PH.
805 703 906 756 ohe,

214 775 405 831 ARum,
444 781 588 831 aiunt,
622 796 679 826 ne
698 795 814 840 agas.
856 776 963 827 DE.
999 794 1094 827 non
1117 776 1274 842 agam?
1308 776 1452 827 imnio

312 854 419 904 haut
442 852 644 907 defluam,

214 934 372 979 Donec
392 929 618 995 perfecero
641 931 741 978 hoc.
764 928 851 978 PH.
882 932 1058 996 ineptis.
1080 927 1177 978 DE.
1199 928 1289 978 fine
1300 930 1455 980 modo.

217 1005 305 1055 ΡΗ.
328 1004 549 1055 Postremo
571 1018 714 1056 tecum
738 1006 849 1056 nihil
868 1008 933 1056 rei
951 1006 1096 1062 nobis,
1116 1007 1360 1074 Demipho,
1373 1007 1455 1055 est:

84 1235 159 1264 tur.
219 1221 292 1264 Vbi
311 1221 521 1276 abufitsfis]
554 1226 589 1265 A
612 1223 739 1278 scripti

83 1282 293 1320 voluntate.
350 1280 497 1320 Vtimur
521 1281 742 1322 cumhono-

83 1350 136 1384 re,
160 1334 362 1375 Abutimur
380 1349 467 1376 cum
488 1338 638 1380 iniuria.
665 1341 714 1379 D.

137 1393 236 1433 lllud
262 1393 386 1433 Civem
408 1404 500 1432 ante
521 1395 614 1433 Item
639 1395 744 1435 reste

84 1464 106 1491 a
126 1451 259 1489 Faerni
291 1461 330 1488 et
350 1448 484 1488 nostris
505 1451 608 1489 libris
626 1450 742 1490 abest.

82 1508 294 1547 Caeterum
313 1516 350 1544 rt
362 1503 485 1544 versus
500 1504 661 1556 sanetur,
674 1519 744 1559 pro

86 1561 195 1602 Itane
216 1560 380 1601 rescribe
400 1563 499 1602 Itan.
557 1567 598 1604 Β.

138 1621 193 1668 67
222 1621 341 1670 Atque
359 1623 546 1662 amittere]
576 1619 743 1659 Bened-

83 1677 246 1714 mittere:
286 1675 374 1726 quia
407 1673 494 1714 finis
524 1674 744 1728 cupiditatis

85 1730 229 1772 amiffio
252 1730 317 1770 est.
372 1733 420 1771 D.

140 1786 242 1828 Illud
264 1791 336 1833 An,
364 1786 526 1827 ducibus
544 1788 680 1827 Faerni
703 1787 743 1826 li·

85 1842 161 1882 bris
193 1843 398 1889 omnibus,
427 1842 542 1882 faciat
562 1845 743 1897 principi·

85 1912 150 1937 um
177 1895 369 1948 sequentis
404 1898 540 1939 versus.
599 1900 744 1940 Caete-

85 1967 170 1995 rum
181 1957 239 1993 An
258 1955 355 1996 etVt
373 1957 642 2007 corripiuntur.
672 1958 714 1996 B.

143 2013 193 2057 68
227 2013 306 2057 An,
335 2025 376 2050 vt
396 2024 436 2049 ne
457 2014 551 2065 quid
569 2024 675 2063 turpe
697 2013 744 2050 ci-

87 2068 146 2105 uis
172 2070 209 2103 in
232 2065 274 2119 se
292 2068 523 2121 admitteret]
551 2067 743 2108 idoneum

89 2121 354 2161 testimonium
374 2122 436 2171 est,
457 2123 647 2164 bonorum
666 2121 744 2163 effe

89 2178 286 2223 natalium,
304 2180 446 2218 (linem
460 2178 604 2220 dixiss‘e.
643 2184 742 2222 Nam

89 2233 192 2283 apud
226 2245 374 2274 veteres
403 2237 634 2288 peregrinae
665 2250 745 2275 mu-

90 2291 206 2330 lieres
237 2291 274 2328 in
303 2293 547 2330 meretricum
578 2304 745 2331 numero

90 2344 342 2385 habebantur.
404 2349 464 2387 Sic
514 2345 594 2398 ipse
638 2348 742 2396 alibi,

87 2403 234 2443 Adeone
257 2401 304 2454 cst
330 2401 495 2443 demens-²
523 2418 568 2441 cx
588 2407 746 2458 pervgri-

87 2461 160 2504 m?
189 2461 235 2498 Et
256 2458 360 2505 alibi,
385 2459 505 2497 Samia
519 2459 612 2497 mihi
629 2474 747 2499 mater

75 2515 186 2569 ficit,
220 2529 258 2553 ca
289 2515 482 2554 habitabat
509 2516 640 2555 Rhodi.
697 2521 747 2558 Et

84 2577 280 2622 >Parmeno
313 2571 569 2622 comprobans
593 2570 745 2624 respon-

89 2628 165 2673 dit,
197 2626 317 2680 Potest
352 2631 463 2665 taceri
487 2628 577 2669 hom
609 2629 646 2667 id
673 2629 739 2672 est.

70 2682 334 2725 ‘meretricem
352 2696 514 2724 matrem
535 2695 573 2724 te
600 2683 744 2726 habuis-

1386 1100 1451 1149 75

789 1224 842 1267 se.
899 1227 971 1273 An,
991 1239 1035 1266 vt
1053 1239 1099 1267 ne
1117 1225 1212 1281 quid
1228 1228 1318 1276 ciuis
1345 1237 1455 1278 turpe

791 1287 832 1323 i‘n
859 1281 902 1334 fi
939 1283 1173 1337 admitteret]
1209 1287 1246 1325 A
1279 1284 1456 1322 volunta·

792 1351 842 1381 te.
900 1341 949 1379 D.

844 1395 956 1449 Lege
982 1406 1023 1435 et
1049 1407 1213 1435 numero
1244 1405 1286 1435 et
1313 1394 1455 1434 ordine

793 1452 972 1501 meliore,
999 1453 1081 1499 An,
1109 1465 1152 1491 vt
1178 1455 1221 1491 ne
1247 1452 1339 1505 quid
1364 1455 1454 1490 ciuis

794 1510 906 1562 tarpe
922 1510 963 1548 in
966 1507 1048 1560 fist
1070 1508 1292 1548 admitteret.
1331 1509 1454 1549 Certe

795 1577 933 1604 omnes
962 1563 1101 1612 nostri,
1133 1575 1287 1616 praeter
1316 1577 1452 1613 vnum,

793 1620 942 1661 habent
962 1621 1065 1660 Ciuis
1085 1633 1204 1673 turpe.
1259 1623 1302 1662 Β.

847 1688 904 1728 70
938 1679 987 1718 Vt
1012 1689 1090 1715 cum
1115 1690 1189 1716 vno
1221 1689 1377 1716 aetatem
1397 1676 1454 1715 de-

790 1733 912 1788 geret]
951 1733 1061 1784 Quid
1089 1733 1195 1772 enim
1225 1733 1278 1772 est
1305 1732 1453 1785 pudici-

790 1791 853 1839 tia,
871 1788 939 1829 nifi
951 1790 1064 1830 vuius
1082 1786 1239 1830 scientia
1255 1790 1349 1832 viri?
1376 1792 1425 1830 D.

847 1857 903 1899 72
929 1846 1080 1894 Ac‘tum,
1115 1848 1241 1891 aiunt,
1278 1859 1320 1885 ne
1342 1844 1452 1901 agas]

792 1904 911 1942 Aiunt
932 1901 1115 1950 dicimus,
1157 1914 1278 1953 quum
1298 1914 1456 1953 prouer-

793 1959 903 1997 bium
937 1957 1208 2012 significamus.
1263 1959 1358 1997 Ac'la
1398 1970 1455 1995 res

793 2015 866 2063 est,
905 2014 956 2055 de
984 2029 1060 2066 qua
1089 2012 1280 2054 sententia
1309 2013 1457 2067 prolata

791 2070 849 2113 fit.
902 2074 951 2113 D.

845 2139 897 2180 73
918 2128 1047 2167 Donec
1061 2126 1250 2179 perfecero
1271 2124 1350 2172 hoc]
1371 2124 1455 2165 Vir-

796 2184 862 2236 gil.
890 2186 1007 2235 (Aen.
1031 2196 1092 2231 11,
1118 2184 1233 2235 719)
1262 2181 1375 2220 donec
1400 2194 1456 2220 me

787 2238 939 2291 flumine
976 2240 1065 2277 viuo
1095 2237 1270 2278 Abluero.
1329 2237 1452 2288 Perfe-

797 2296 897 2343 cero]
929 2297 1003 2334 Pro
1031 2292 1239 2344 Perficiam.
1297 2293 1454 2347 Ineptis]

796 2354 850 2390 Vt
870 2364 891 2389 a
909 2349 1114 2402 Sapientia,
1141 2348 1249 2402 Sapis
1269 2348 1454 2389 dicimus:

797 2407 848 2445 ita
875 2405 922 2445 ab
948 2408 1111 2458 Ineptia,
1153 2406 1306 2458 Ineptis.
1365 2405 1453 2446 Sine

795 2462 921 2513 modo]
949 2465 1054 2502 Haec
1076 2462 1256 2500 minantis
1278 2459 1454 2502 suntver-

796 2519 863 2557 ba:
894 2530 931 2557 et
953 2518 1064 2557 bene.
1091 2519 1259 2557 imitatus
1280 2517 1452 2558 estenim

796 2577 852 2626 (et
870 2572 956 2613 hene
973 2573 1355 2627 i›nit.1msestmodum
1367 2574 1450 2615 Lib.

796 2633 939 2682 vterq.)
962 2631 1279 2671 comminantem.
1337 2633 1386 2671 D.

849 2698 906 2741 74
934 2687 1122 2741 Postremo
1147 2685 1367 2727 tecmnnihil
1379 2685 1451 2740 rei]

909 2744 956 2782 Ii
989 2755 1011 2797 5
1375 2745 1454 2781 lam
