1875 3244
655 185 980 234 HECYRA.-

1371 195 1465 253 269

243 314 335 360 Rus
365 310 604 359 habitatum
635 312 746 366 abii,
778 313 1018 362 concedens
1048 314 1196 370 vobis,
1226 327 1270 365 et
1299 321 1362 366 rei
1387 319 1466 367 ser.

340 387 491 442 uiens3

246 464 424 510 Sumtus
445 461 605 509 vestros
629 465 853 527 otiumque
885 474 932 513 vt
951 462 1092 512 nostra
1115 483 1183 514 res
1206 466 1345 532 posset
1361 475 1467 536 pati,

244 540 353 584 Meo
385 536 522 585 labori
553 538 658 585 haut
689 556 896 604 parcens,
926 552 1098 606 praeter
1127 559 1311 607 aequom
1337 559 1465 611 atque

345 623 525 672 aetatem
545 629 698 661 meam.

149 703 211 756 30
247 693 355 737 Non
379 699 421 735 te
444 707 529 754 pro
549 689 616 736 his
636 685 796 737 curaffe
815 690 973 746 rebus,
1012 710 1068 740 ne
1090 695 1196 758 quid
1215 712 1341 758 aegre
1364 695 1465 747 esset

343 764 451 812 mihi
463 766 485 810 Ῥ

246 838 339 889 SO.
385 844 494 889 Non
524 858 620 888 mea
650 858 807 907 opera,
849 858 994 909 neque
1027 844 1107 911 pol
1140 847 1266 914 culpa
1304 851 1468 898 euenit.

341 911 445 963 LA.
483 919 574 972 imo
595 934 808 966 maxume.

111 1129 169 1157 ret
190 1127 324 1164 cauere,
351 1117 418 1168 Z.)
447 1129 501 1157 ne
511 1116 635 1169 aliqua
646 1115 764 1168 (adde

112 1174 160 1214 Se
187 1174 244 1225 Z.)
281 1171 411 1212 senem
438 1183 616 1228 tangeret
644 1175 765 1228 aegri·

113 1228 222 1269 tudo.
279 1232 322 1269 E.

168 1295 222 1336 27
242 1285 321 1326 Rus
333 1283 539 1326 habitatum
548 1284 642 1338 abii]
662 1285 766 1335 Quia

115 1338 233 1388 dixit,
270 1340 387 1380 Senex
412 1354 474 1380 rus
495 1341 572 1392 fist
608 1342 761 1380 abdidit.

115 1397 318 1436 concedens
340 1395 462 1446 vobis]
492 1400 550 1438 Ne
569 1396 767 1446 diceretur,

116 1452 221 1504 quod
241 1452 284 1491 sit
302 1454 505 1505 voluptatis
525 1451 641 1492 causa.
697 1454 765 1492 Vo-

115 1507 184 1557 bis,
214 1509 351 1548 melius
371 1510 576 1561 pluraliter,
606 1522 722 1560 quam
741 1508 766 1548 si

117 1565 266 1604 dicei-et
283 1565 366 1605 Cui.
424 1565 626 1605 concedens
649 1563 767 1610 vobis,

115 1633 153 1660 et
180 1623 234 1659 rei
255 1619 437 1671 ser-ulem]
480 1621 682 1660 Concedens
705 1634 768 1659 vo-

114 1674 183 1725 bis,
210 1677 248 1715 id
268 1676 331 1725 est,
359 1687 397 1714 vt
416 1689 480 1714 vos
501 1678 540 1714 in
565 1675 659 1716 vrbe
676 1674 767 1716 esse-

115 1734 174 1773 tis.
229 1731 299 1771 Rei
320 1732 506 1784 firuiens]
545 1736 619 1773 Res
649 1730 767 1771 sei-unt

113 1787 319 1837 diuitibus,
351 1789 442 1839 quia
458 1789 678 1827 abundant:
708 1790 766 1828 rei

117 1839 287 1884 seruiunt
307 1857 514 1896 pauperes,
544 1846 634 1896 quia
652 1842 689 1884 se
707 1857 765 1884 co-

115 1909 242 1939 artant
276 1899 324 1939 ad
358 1900 548 1953 augustias
587 1901 655 1940 rei.
711 1904 766 1941 lta

117 1966 213 2008 ergo
243 1968 302 1994 res
327 1969 397 2008 pro
425 1958 609 2008 qualitate
635 1954 697 1996 sua
728 1968 768 1997 et

117 2007 242 2060 seruit,
262 2021 302 2051 et
318 2013 354 2050 ei
375 2014 429 2051 rei
442 2013 569 2064 (eidem
578 2014 638 2065 Z.)
651 2010 766 2052 serui·

116 2075 192 2106 tur.
255 2069 433 2108 Horatius
471 2068 601 2121 (Epist.
629 2082 666 2120 1,
706 2082 768 2117 ιο,

116 2123 221 2174 47.),
257 2123 419 2176 Imperat
436 2138 503 2165 aut
516 2126 641 2176 firuit
668 2124 767 2165 colle-

117 2179 174 2218 fta
184 2182 334 2230 pecunia
352 2185 489 2234 cuique.
546 2185 596 2222 D.

171 2241 222 2283 28
262 2234 398 2286 Vestras
420 2237 593 2287 fhmms,
631 2240 766 2277 Otium·

118 2288 200 2343 que]
233 2288 373 2332 Sumtus
382 2293 526 2344 vestros,
546 2292 648 2332 idem
661 2295 766 2345 quod

119 2345 223 2383 alibi.
271 2347 415 2401 Otium]
437 2351 561 2388 Vitam
574 2349 767 2390 vrbanam.

116 2401 193 2441 Vel
223 2401 325 2452 quod
355 2404 451 2442 nihil
487 2406 692 2456 acquiritis.
731 2416 769 2445 vt

116 2457 161 2497 in
185 2456 385 2509 Adelphis,
415 2460 518 2500 Hanc
539 2475 605 2516 ego
627 2462 766 2501 clemen-

117 2524 192 2553 tem
215 2515 271 2551 vit
281 2528 331 2551 zm
350 2513 540 2564 vrbanam,
568 2530 678 2570 atque
698 2521 766 2557 oti-

117 2581 182 2608 um
207 2569 359 2620 secutus
386 2570 484 2620 stam.
551 2574 766 2627 Otiumque]

119 2625 206 2665 Hoc
231 2624 304 2673 est,
337 2639 505 2665 amorem
533 2630 629 2678 (Hoc
649 2644 768 2669 amare

119 2677 190 2721 ΜΕ
222 2684 314 2734 Η),
353 2681 453 2733 quasi
486 2682 586 2725 nihil
618 2688 764 2739 agenti-

1386 1004 1468 1048 So-

812 1117 896 1159 bus.
954 1120 1006 1160 Vt
1024 1120 1146 1173 nostra
1163 1136 1219 1162 res
1238 1123 1350 1177 poffl‘t
1364 1125 1468 1180 pan]

813 1176 1024 1218 Mediocris
1060 1178 1222 1219 scilicet:
1262 1194 1298 1219 vt
1327 1183 1466 1221 comici

814 1234 1120 1289 patresfamilias.
1176 1240 1225 1278 D.

869 1301 923 1342 29
958 1289 1115 1331 Praeter
1143 1305 1320 1346 aequum,
1356 1307 1467 1347 atque

815 1358 970 1385 aetatem
980 1349 1110 1402 meam]
1136 1349 1290 1388 Praeter
1301 1363 1464 1401 aequum,

816 1402 906 1452 quia
924 1416 988 1442 ros
1007 1403 1092 1442 estis
1111 1403 1279 1444 domini:
1308 1407 1366 1444 rel
1379 1409 1468 1457 quia

816 1470 880 1495 vos
900 1457 1084 1505 fruimini,
1109 1474 1225 1510 quum
1239 1474 1314 1514 ego
1334 1463 1468 1503 dolue-

816 1514 900 1553 rim.
957 1517 1144 1569 Aetatem]
1193 1519 1298 1568 Quia
1336 1515 1464 1558 senex.

817 1570 926 1624 Virg.
947 1572 1064 1620 (Aen.
1080 1585 1136 1618 vx,
1163 1578 1271 1622 114.)
1301 1575 1395 1613 vires
1413 1574 1467 1613 vl-

817 1638 891 1671 tra,
903 1625 1295 1679 sottemquefinec‘hte.
1350 1634 1400 1671 D.

874 1693 926 1731 30
959 1682 1051 1721 Non
1081 1697 1116 1722 te
1144 1695 1213 1735 pro
1249 1683 1306 1721 his
1336 1684 1468 1738 curaffi

814 1735 936 1791 rebus]
967 1739 1089 1780 Mirus
1115 1736 1262 1779 sensus:
1291 1744 1363 1781 Pro
1394 1741 1464 1788 his,

815 1792 958 1845 inquit,
987 1805 1043 1833 tot
1060 1794 1164 1834 rebus
1185 1810 1298 1836 ruam
1326 1811 1362 1836 et
1385 1797 1468 1837 faci-

816 1849 894 1888 lem
914 1850 1112 1891 redderes:
1133 1865 1294 1902 curares,
1311 1853 1466 1904 nequid

817 1920 935 1959 aegre
969 1904 1063 1946 effer
1097 1907 1205 1947 mihi.
1261 1912 1308 1949 Et
1344 1910 1394 1948 Te
1419 1910 1469 1949 fic

815 1964 1175 2014 pronunciandum,
1211 1964 1316 2016 quasi
1355 1966 1467 2014 dicat,

815 2016 888 2059 Etfi
910 2019 974 2057 alii
995 2033 1073 2059 non
1094 2032 1284 2068 curarent,
1303 2033 1341 2060 tu
1360 2035 1471 2061 cura-

815 2088 858 2115 re
877 2075 1050 2117 debuisti.
1104 2079 1153 2116 D.

872 2143 921 2182 31
959 2132 1050 2171 Non
1079 2145 1156 2170 mea
1189 2142 1319 2184 opera.
1362 2146 1470 2185 neque

808 2187 877 2240 pol
902 2189 1021 2240 culpa]
1052 2189 1181 2228 Vellet
1209 2188 1358 2233 dicere,
1391 2191 1472 2227 Nu·

816 2256 876 2282 rus
904 2244 1014 2294 culpa
1043 2246 1198 2283 euenit:
1237 2242 1300 2282 sed
1329 2245 1469 2284 melius

817 2299 926 2344 dixit,
951 2299 1042 2338 Non
1062 2313 1168 2338 mim:v
1189 2312 1241 2338 ne
1255 2298 1468 2338 accusando

816 2353 1070 2399 confirmaret,
1093 2355 1197 2406 quod
1220 2355 1316 2394 dixit
1335 2353 1465 2404 senex,

821 2411 952 2448 Omnes
978 2412 1116 2460 chrus
1147 2412 1306 2450 oderunt
1346 2425 1469 2451 nurus.

817 2466 942 2517 Neque
965 2466 1033 2517 pol
1057 2467 1161 2519 culpa
1189 2468 1324 2521 euenit]
1365 2472 1470 2507 Bene

817 2521 1001 2568 additum,
1025 2522 1152 2574 Neque
1167 2525 1235 2576 pol
1253 2525 1368 2577 culpa.
1402 2527 1469 2563 1³0-

819 2579 888 2615 tuit
907 2578 1013 2616 enim
1032 2577 1136 2627 fieri,
1170 2591 1209 2618 vt
1233 2594 1311 2618 non
1335 2580 1471 2619 fecerit

820 2630 897 2684 ipsa
919 2633 1119 2674 iniuriam:
1149 2633 1214 2675 sed
1236 2647 1365 2675 tamen
1388 2651 1472 2688 per-

818 2687 958 2730 miserit
987 2689 1079 2730 fieri.
1110 2692 1208 2732 mire
1240 2703 1373 2732 tamen
1397 2704 1473 2731 nee

1075 2748 1078 2751 '
1395 2745 1471 2798 ipsa
