1875 3292
354 195 451 252 3259

735 178 893 226 ACT.
924 178 1003 230 IV.
1024 178 1238 229 SCEN.
1268 179 1342 226 111.

486 306 633 383 Credo
657 322 706 355 ea
729 308 865 370 gratia
885 307 1125 366 concordes
1148 309 1299 370 magis,
1334 305 1366 356 fi
1386 324 1479 357 non
1498 308 1719 366 reducam,

583 384 694 433 fore.

484 460 596 513 LA.
639 460 838 509 Nescias:
874 438 1032 509 verum
1061 460 1107 508 id
1138 440 1542 516 tua-refertnihil,
1573 471 1722 511 vtrum

584 536 680 586 illae
711 536 908 592 fecerint,

486 614 682 672 Quando
706 615 811 665 haec
832 614 1009 662 abieritz·
1048 613 1193 663 odiosa
1214 587 1321 662 haec
1344 612 1404 663 est
1425 623 1537 673 aetas
1558 613 1721 663 adoles-

581 690 765 740 centulis
777 709 788 737 ε

349 896 442 939 Non
462 891 704 950 δηίων-,Γρᾶ
726 893 936 948 Persequar
947 893 1010 943 ait,

347 953 648 994 vtconstantiam
657 951 949 992 demonstraret.
962 953 1012 991 D.
1021 970 1024 971 ⁷

407 1012 470 1050 Ex
498 1009 565 1061 vfis
596 1010 698 1064 quod
723 1008 790 1060 est,
829 1009 871 1048 id
891 1007 1011 1062 perst-

349 1067 467 1121 quar]
499 1067 669 1109 Coafrus
686 1065 906 1118 Pamphilus
926 1078 1010 1103 cau-

350 1120 430 1163 sam
449 1122 589 1174 dicer‘e,
621 1137 690 1163 cur
708 1124 830 1163 nollet
852 1133 1011 1163 vxorem

349 1180 556 1229 reducere,
588 1191 748 1220 reuocat
774 1178 914 1228 verba,
959 1191 1012 1218 ne

350 1239 427 1289 (vt,
446 1239 522 1288 vel,
541 1251 599 1288 an,
620 1236 682 1278 vel
700 1245 825 1277 vtrum
840 1237 905 1288 Z.)
931 1232 1012 1288 pos-

347 1294 404 1345 fit‚
437 1294 542 1348 quod
564 1305 721 1348 rogatus
741 1293 807 1341 est,
834 1287 1015 1332 contices-

350 1365 456 1394 cere.
511 1352 575 1391 Ex
593 1351 671 1404 vfiae,
697 1351 738 1392 id
757 1350 822 1400 est,
845 1362 902 1389 -ex
917 1348 1013 1389 vtili-

350 1420 440 1449 rate.
498 1409 661 1452 Deinde
696 1406 814 1461 fingit
850 1403 1013 1455 causam,

350 1467 445 1506 ideo
466 1462 504 1506 se
521 1466 630 1506 nolle
649 1465 859 1513 reducere,
893 1473 932 1503 vt
959 1463 1014 1502 ita

351 1523 566 1563 concordes
583 1522 714 1570 ambas
730 1520 856 1560 faciat.
913 1522 956 1560 E.

409 1592 457 1622 11
491 1580 611 1620 Credo
638 1593 678 1617 ea
705 1579 833 1632 grazia
864 1587 1014 1615 concor·

351 1637 413 1677 des
446 1639 578 1683 magis]
620 1630 871 1675 sententiose
904 1632 1014 1676 dixit,

348 1701 442 1732 tunc
472 1685 580 1744 posse
606 1693 710 1729 inter
729 1687 768 1728 se
796 1698 1016 1740 congruere

352 1760 392 1789 et
412 1749 650 1788 concordare
669 1746 861 1790 mulieres,
891 1754 1012 1794 quum

354 1816 396 1844 et
415 1807 478 1845 illa
506 1802 585 1844 effe
614 1802 766 1842 deflerit
795 1798 938 1846 socrus,
974 1807 1013 1836 et

351 1863 419 1902 illa
440 1875 567 1902 nurus.
600 1860 696 1899 haec
722 1858 829 1896 enim
851 1858 954 1894 inter
973 1855 1013 1894 il-

352 1919 408 1958 las
449 1919 505 1958 est
547 1912 738 1957 diffidiosa
777 1912 1013 1953 coniunfflo.

352 1979 400 2017 Et
423 1973 505 2015 fatis
524 1970 728 2028 ingeniose
746 1970 912 2014 dietum
944 1968 1014 2006 tol-

351 2033 393 2075 le
420 2032 527 2072 enim
555 2033 657 2071 inter
679 2028 863 2068 mulieres
884 2025 1013 2078 proxi·

352 2093 541 2140 mitatem,
567 2097 607 2128 et
624 2086 732 2126 nulla
754 2080 860 2123 causa
878 2079 1016 2120 discor-

353 2148 445 2187 diae
492 2145 556 2184 est.
634 2141 839 2184 Concordes
876 2137 1011 2192 magis]

353 2207 446 2245 Non
465 2202 588 2254 magis
608 2197 845 2246 concordes,
876 2207 1011 2236 verum

352 2262 486 2313 (Nunc
506 2258 643 2314 Magis
661 2256 857 2295 concordes
883 2264 1012 2292 vtrum

350 2319 415 2368 Z.)
448 2331 518 2367 pro
548 2317 676 2354 minus
694 2309 930 2351 discordibus
952 2309 1012 2348 di·

351 2376 474 2422 xit,an
490 2384 528 2411 vt
541 2370 698 2411 sei-niret
711 2367 948 2408 sententiae?
959 2369 1010 2408 D.

410 2432 463 2473 Vt
482 2427 603 2469 sensui
623 2439 663 2467 et
681 2423 812 2474 versui,
835 2425 901 2474 qui
912 2428 943 2461 'e
958 2436 1013 2461 ra-

352 2487 466 2524 tione
485 2486 630 2537 vulgari
653 2483 750 2522 iusto
771 2481 926 2532 iongior
945 2478 1013 2528 est,

353 2535 568 2588 εοηΓυΙῑις,ο
590 2542 677 2580 dele
705 2539 816 2581 Nom
847 2537 945 2575 adeo
974 2546 1014 2574 vt

353 2599 452 2638 illud
465 2597 594 2646 Credo,
620 2595 875 2648 pei-ironiam,
894 2591 1015 2645 figni-

353 2655 444 2694 ficet
496 2654 589 2692 Non
629 2653 751 2694 credo.
823 2652 927 2688 v[um
965 2659 1014 2688 ex

352 2710 487 2752 Bemb.
508 2709 628 2750 sci-ibe
649 2708 865 2749 [adducam.
919 2707 961 2745 B.

415 2779 465 2811 12
504 2767 671 2819 Nfiias]
702 2767 839 2807 Vtrum
858 2773 1016 2802 concor-

1575 770 1613 815 E
1631 783 1723 816 me·

1061 892 1130 933 des
1152 889 1307 934 futurae
1322 892 1416 942 fint,
1446 907 1495 934 an
1516 889 1721 934 discordes.

1064 952 1199 991 Verum
1217 951 1257 990 id
1273 962 1338 991 tua
1357 949 1476 1002 refert
1492 943 1608 1005 nihil]
1634 949 1739 1001 Hn'e‘ss

1061 1008 1220 1049 verbum
1239 1020 1287 1047 ex
1306 1008 1432 1059 aliqua
1451 1017 1560 1060 parte
1578 1005 1722 1046 confir-

1061 1065 1200 1104 mantis
1246 1063 1299 1105 est
1344 1073 1384 1103 et
1425 1061 1721 1104 consentientis.

1064 1123 1203 1162 Vtrum
1239 1120 1320 1159 illae
1346 1121 1530 1175 fecerint]
1579 1123 1719 1161 Vtrum

1061 1177 1350 1219 consentientes
1377 1176 1466 1230 fint,
1502 1190 1551 1217 an
1579 1173 1722 1217 diffen-

1061 1237 1216 1276 tientes.
1294 1234 1443 1289 Vtrum]
1490 1237 1626 1275 Vnum
1670 1234 1722 1275 de

1060 1291 1214 1332 duobus
1237 1289 1435 1345 fignificat.
1492 1293 1541 1331 D.
1668 1296 1673 1297 ⁷

1112 1348 1292 1400 ‘Nefiiasz
1319 1361 1446 1388 verum
1466 1349 1508 1388 id
1526 1361 1589 1404 ttfa
1599 1347 1721 1400 refert

1063 1406 1176 1453 nihil,
1229 1417 1357 1444 vtrum
1407 1403 1489 1444 illae
1523 1405 1721 1460 fecerint]
1777 1397 1791 1408 ⁹

1064 1462 1174 1514 Quid
1190 1462 1281 1501 illae
1298 1463 1454 1515 egerint
1466 1462 1569 1501 inter
1588 1459 1638 1508 se,
1659 1475 1722 1501 cu·-

1063 1533 1149 1559 rare
1185 1532 1268 1557 non
1299 1518 1434 1558 debes.
1497 1516 1723 1558 Perseum-at

1062 1577 1106 1615 in
1124 1574 1323 1622 sententia,
1340 1572 1591 1627 persuasurus,
1615 1574 1721 1626 quod

1062 1629 1369 1671 adolescentibus
1398 1629 1530 1670 odiosa
1553 1630 1608 1670 est
1626 1629 1722 1672 sem·

1063 1701 1133 1740 per
1152 1684 1325 1727 senec‘tus
1345 1697 1561 1737 parentum.
1620 1689 1663 1727 E.

1116 1742 1215 1782 Illud
1245 1741 1290 1781 Id
1315 1742 1560 1793 antiquissimi
1580 1742 1721 1783 Faerni

1063 1813 1144 1838 non
1192 1797 1349 1837 habent.
1407 1797 1492 1838 Illae
1532 1799 1720 1856 fecerint]

1062 1855 1226 1908 Philarg.
1256 1853 1302 1893 ad
1331 1857 1478 1908 Georg.
1511 1868 1592 1901 111,
1629 1868 1719 1910 105.

1063 1913 1145 1952 Hae
1161 1924 1304 1965 quoque
1321 1925 1396 1950 non
1416 1925 1508 1950 cum
1536 1910 1641 1952 nobis
1668 1914 1721 1953 le-

1062 1970 1167 2008 uiore
1211 1969 1398 2008 tenendae.
1480 1968 1639 2023 Legitur
1682 1981 1721 2010 et

1063 2026 1189 2064 Haec:
1218 2037 1303 2066 nam
1321 2023 1506 2064 veteribus
1522 2039 1600 2065 mos
1618 2028 1721 2076 fuit,

1064 2095 1108 2121 vt
1142 2094 1273 2121 neutra
1292 2081 1494 2134 femininis
1520 2085 1722 2136 ‘iungerem

1062 2152 1135 2178 tur.
1176 2139 1297 2178 -Vnde
1321 2139 1537 2178 Terentius:
1570 2139 1651 2178 Tua
1667 2138 1726 2179 nil

1062 2195 1196 2248 reffert,
1214 2208 1337 2234 vtrum
1356 2195 1465 2234 illaec
1471 2194 1660 2246 fecerint:
1684 2208 1722 2236 et

1062 2255 1102 2291 in
1122 2252 1216 2291 Eun.
1237 2253 1345 2291 Haec
1370 2253 1577 2301 adamant,
1605 2263 1648 2294 vt
1669 2251 1722 2292 la·¹

1059 2322 1159 2348 uent.
1217 2311 1256 2348 Β.

1120 2377 1167 2419 13
1203 2362 1340 2415 Odiofiz
1359 2363 1444 2404 haec
1463 2362 1620 2415 eslaetas
1630 2365 1721 2406 alo-

1060 2421 1276 2474 lefientulis]
1306 2423 1430 2472 Supra
1458 2421 1498 2460 in
1518 2418 1722 2473 personam

1062 2477 1188 2517 socrus
1217 2478 1370 2528 culpam
1400 2478 1516 2516 iratus
1543 2479 1721 2517 contule·

1063 2546 1118 2574 rat
1145 2530 1376 2573 discordiae:
1409 2546 1516 2573 nunc
1542 2544 1582 2573 et
1608 2532 1721 2573 onri

1064 2592 1246 2643 placatus,
1279 2601 1321 2629 et
1341 2592 1457 2629 nurui
1478 2601 1653 2642 parcens,
1679 2592 1721 2628 ὸ-

1063 2648 1217 2686 diorum
1237 2645 1383 2686 causam
1402 2661 1422 2686 a
1435 2644 1607 2698 personis
1621 2657 1721 2684 tran·

1064 2704 1168 2744 stulit
1184 2703 1233 2744 ad
1251 2713 1416 2744 aetates:
1436 2700 1501 2742 sed
1511 2703 1564 2742 ita
1573 2713 1721 2748 tamen,

1679 2767 1722 2799 vt

1863 3170 1865 3190 Ι
