1827 3180
576 191 652 238 ΙΝ
683 192 954 239 PHORM.

218 327 294 372 Ne
317 317 440 370 fimili
464 330 635 370 vtamur
662 321 850 374 fortuna,
872 331 1004 384 atque
1020 315 1078 367 vfi
1095 319 1255 371 sumus.

219 403 373 454 Quum
396 413 475 461 per
495 397 731 443 tumuitum
756 394 899 444 noster
922 411 1025 455 grex
1048 406 1192 442 motus
1213 389 1379 443 loco’st:

219 477 367 528 Quem
390 469 547 519 aRoris
569 474 703 519 virtus
724 470 851 518 nobis
871 469 1051 518 restituit
1072 470 1231 523 locum,

120 565 181 615 35
214 547 468 612 Bonitasque
492 545 630 596 vostra
652 546 860 599 adiutans,
888 557 1016 611 atque
1037 547 1359 610 aequanimitas.

89 762 241 820 semper
266 767 367 820 petit
382 767 580 820 Prologus.
609 777 649 806 et
677 779 739 806 ro-

89 835 155 877 gat
180 825 296 864 etiam
325 836 363 863 vt
389 823 560 863 audiatur
587 835 673 862 cum
698 821 742 861 fi-

91 880 226 919 lentio.
281 881 327 922 E.

142 1002 196 1044 32
224 990 286 1030 Ne
305 988 421 1042 fimilt‘
445 1001 594 1030 vtamur
610 988 744 1042 fhrtu-

89 1059 138 1086 no
167 1060 273 1099 atque
296 1047 347 1098 th
368 1045 512 1099 fimus]
537 1048 595 1086 Ne
623 1058 742 1097 popu-

91 1101 174 1142 lum
195 1102 378 1151 laederet,
384 1103 587 1156 fortunam
611 1101 746 1141 maluit

94 1155 280 1198 accusare.
337 1160 387 1200 D,

146 1214 207 1254 Ne
217 1212 331 1265 simili
338 1212 517 1267 fortuna]
546 1215 665 1254 Datur
682 1210 746 1251 hic

91 1264 280 1323 intelligi,
324 1269 427 1321 quod
454 1268 550 1308 haec
579 1271 748 1310 comoe-

93 1322 156 1365 dia
201 1325 283 1377 post
323 1327 426 1366 iliam
474 1324 746 1371 Comoediam,

94 1394 193 1432 quae
205 1381 341 1421 dicitur
355 1384 518 1435 Hecyra,
539 1380 601 1419 est.
622 1380 747 1419 vthoc

93 1436 156 1476 hic
183 1439 370 1491 tetigerit,
412 1450 466 1476 ne
504 1437 568 1475 tali
591 1435 747 1475 fortuna

95 1504 269 1539 Vtamur,
312 1505 385 1544 qua
413 1492 463 1531 vsi
490 1488 635 1538 sumus,
676 1490 747 1530 fre-

95 1549 340 1600 quentiffime
356 1546 510 1588 excluii.
564 1548 748 1599 Aliquan-

95 1603 147 1644 do
167 1615 295 1644 tamen
321 1618 406 1644 cum
428 1602 561 1643 labore
579 1604 748 1643 maximo

92 1658 351 1712 Comoediam
389 1661 563 1714 egimus,
606 1660 750 1698 virtute

94 1716 225 1770 potius
262 1713 544 1768 perseuerantis
583 1715 746 1762 Asturis,

95 1772 338 1825 qui‘totiens
376 1770 418 1811 fit
452 1767 634 1810 exclusus.
688 1773 751 1811 Ne

97 1837 248 1868 tantum
269 1826 371 1880 quaii
389 1828 536 1868 Actoris
557 1829 658 1865 illam
671 1827 751 1868 Co-

97 1884 292 1925 moediam
311 1882 447 1922 fecerit
464 1882 583 1922 audiri
596 1878 754 1934 virtute,

98 1937 165 1980 sed
193 1936 506 1992 perseueranti&
544 1949 583 1978 et
615 1950 667 1977 ne
703 1951 753 1977 ex

98 1993 182 2034 hoc·
201 1995 378 2034 iniuriam
414 1994 561 2047 populo
599 1991 752 2042 fecisset,

101 2050 252 2099 adiecit,
270 2051 426 2092 Bonitas
444 2049 559 2102 vestra
569 2051 754 2103 adiutans,

101 2118 214 2160 atque
241 2110 517 2159 aequanimitas.
574 2109 617 2147 E.

157 2227 207 2270 33
239 2215 362 2270 Qum
390 2229 456 2268 per
485 2215 676 2256 tumultum
693 2230 755 2256 no-

93 2270 192 2328 ster]
233 2277 404 2324 Apparet
436 2274 627 2325 Hecyram
663 2284 756 2311 ante

104 2326 384 2370 Phormionem
417 2327 534 2367 aetam
559 2326 655 2366 esse:
695 2329 756 2366 cui

103 2385 270 2436 contigit
290 2381 328 2421 id
347 2382 449 2433 quod
470 2384 658 2434 queritur,
690 2396 757 2434 po-

103 2441 241 2495 pulum
288 2435 540 2478 subaccusans.
626 2437 760 2489 Noster

104 2508 205 2552 grex
222 2506 340 2534 motus
358 2494 435 2532 loco
460 2493 522 2548 est]
550 2494 679 2541 Locus,
708 2493 758 2534 est

105 2549 323 2591 distributio
336 2561 563 2602 temporum,
575 2561 673 2601 quae
683 2550 757 2589 cui-

105 2618 188 2660 que
210 2607 250 2644 in
271 2602 523 2658 speetaculum
533 2616 695 2646 venturo
707 2615 759 2645 at·

105 2661 328 2705 tribuuntur
345 2661 392 2702 ab
408 2660 621 2705 Aedilibus.
675 2665 759 2718 Yu-

1207 624 1445 670 AGTVS

790 765 841 806 de
864 763 946 806 loco
964 778 1086 806 motus
1105 764 1256 814 dicitur,
1275 766 1340 817 qui
1360 762 1443 806 suas

789 821 902 862 horas
960 834 1040 861 nou
1085 821 1298 861 obtinuerit
1344 823 1445 861 inter

789 877 1067 931 praecedentes
1097 887 1137 919 et
1163 876 1444 932 consecuturos.

789 937 894 988 Ergo
925 935 1093 987 proprie.
1150 935 1212 975 Sic
1239 944 1279 974 et
1306 935 1447 976 Cicero

795 990 926 1042 (Catil.
949 1003 999 1038 11,
1027 991 1100 1041 L),
1133 989 1230 1028 Loco
1252 988 1310 1029 ille
1325 1003 1447 1030 motus

796 1045 854 1099 est,
875 1058 984 1100 quum
1006 1044 1053 1099 est
1064 1059 1110 1085 ex
1127 1045 1216 1085 vrbe
1227 1045 1367 1099 palliat.
1397 1049 1446 1088 D.

848 1169 903 1212 34
931 1156 1054 1212 Qem'
1075 1158 1209 1198 ac‘loris
1229 1156 1366 1205 virtus]
1395 1158 1447 1198 V·

796 1213 916 1266 bique
948 1214 1078 1254 lauda‘t
1102 1214 1294 1257 Actor-em.
1334 1212 1386 1254 est
1410 1226 1451 1252 e-

796 1273 878 1312 nim
899 1273 1045 1311 Poetae
1064 1271 1165 1309 vtile.
1220 1271 1336 1332 ‚Quem
1353 1270 1451 1310 aei'o-

796 1330 848 1366 rt‘s
867 1329 1005 1374 virtus]
1034 1328 1112 1377 Qui
1133 1326 1304 1365 excluius
1325 1326 1452 1373 toties,

797 1383 969 1423 animum
1014 1395 1095 1421 non
1138 1381 1342 1429 abiecerit,
1384 1379 1451 1421 sed

796 1435 1098 1490 perseuerauerit
1119 1450 1245 1490 agere.
1266 1436 1356 1476 ideo
1375 1439 1450 1476 vir-

796 1507 866 1533 tus.
923 1493 1096 1544 Restituit
1112 1492 1244 1546 locum]
1274 1495 1452 1534 Benere-

798 1550 939 1602 petiuit
959 1550 1097 1595 locum,
1129 1560 1165 1588 vt
1181 1553 1377 1594 ἂμφιβολεαν
1397 1548 1452 1588 vi·

801 1616 918 1645 taret:
947 1619 999 1644 ne
1015 1618 1116 1657 quem
1135 1603 1332 1644 tumultum
1352 1603 1452 1645 dice·

774 1680 780 1687 »
800 1673 842 1700 re
861 1661 1068 1701 videretur.
1123 1663 1170 1703 D.

857 1782 909 1824 35¹
949 1771 1172 1826 Bonitasque
1207 1771 1323 1825 vestra
1349 1773 1454 1813 adite·

803 1840 906 1877 tans,
934 1841 1045 1882 atque
1070 1832 1350 1881 aequanimitas]
1381 1830 1454 1868 Bo-

803 1888 900 1924 nitas
933 1886 971 1923 in
1007 1885 1185 1924 omnibus
1218 1886 1455 1937 generaliter

804 1939 918 1979 rebus
938 1939 1010 1981 est:
1037 1942 1363 1993 Aequanimitasin
1375 1940 1454 1993 spe-

804 1995 953 2035 ftando.
1007 2001 1073 2038 An
1102 1996 1257 2037 Bonitas
1292 1999 1332 2036 in
1367 2009 1456 2048 pro-

803 2051 942 2090 bandis
964 2050 1022 2091 his
1042 2065 1141 2105 quae
1152 2053 1254 2092 bona
1268 2051 1364 2100 sunt,
1383 2055 1455 2092 Ae·

803 2109 1029 2161 quanimitas
1063 2111 1102 2147 in
1130 2106 1374 2160 ignoscendis
1399 2108 1457 2147 vi-

804 2164 865 2201 tiis
891 2175 1005 2214 atque
1032 2163 1207 2207 defletis?
1247 2169 1309 2206 An
1339 2180 1458 2204 ταυτο-

805 2225 906 2266 Αογία
934 2217 1014 2262 est?
1040 2223 1102 2259 An
1122 2220 1275 2259 Bonitas
1301 2220 1399 2259 circa
1417 2233 1459 2257 o·

804 2285 935 2316 mnes:
963 2276 1234 2329 Aequanimitas
1263 2277 1361 2314 circa
1379 2278 1459 2315 Te·

806 2329 1000 2368 rentium?
1054 2330 1278 2383 Bonitasque
1318 2330 1458 2386 vestra]

803 2387 868 2424 ‘Ne
888 2394 1010 2423 totum
1028 2387 1155 2427 Aetoii
1182 2386 1370 2437 tribuens,
1396 2389 1458 2428 ni·

807 2439 861 2478 hil
887 2442 1031 2492 populo
1052 2453 1199 2493 praeter
1219 2443 1369 2495 culpam
1396 2455 1458 2484 re-

809 2492 960 2546 liquisse
971 2496 1176 2547 videretur,
1200 2497 1360 2538 honoris
1371 2512 1458 2538 cau-

807 2548 842 2591 sa
862 2550 934 2589 hoc
951 2551 1112 2594 addidit.
1165 2554 1362 2608 Adimam]
1393 2556 1459 2595 Sic

806 2617 952 2646 veteres
964 2607 1091 2649 dicere
1102 2610 1330 2662 maluerunt,
1340 2624 1460 2664 quam

806 2663 1004 2709 adiuuant·
1060 2667 1111 2710 D.

1342 206 1437 253 4¹¹.
1494 236 1497 239 ,
