1827 3180
573 177 930 228 PHORMIO.

1323 191 1422 244 495

196 302 284 353 ΡΗ.
315 307 436 353 Nam
457 306 541 352 iam
554 306 810 354 adolescenti
827 305 938 354 nihil
949 303 1009 354 est
1018 306 1136 371 quod
1149 306 1430 365 succenseanu‘

106 399 161 446 15
194 384 238 428 Si
260 380 386 429 illum
407 384 554 428 minus
575 393 724 430 norat:

762 385 928 448 quippe
947 383 1084 430 homo
1098 386 1184 430 iarn
1203 385 1426 446 grandior,

192 460 376 523 Pauper,
399 459 469 504 cui
493 473 627 523 opera
650 461 735 507 vita
754 469 857 513 erat.
879 460 971 508 ruri
992 458 1084 506 fere

62 657 179 695 ciam!
218 657 339 696 etiam‘
360 672 414 698 me
444 659 548 698 vltro
580 652 721 712 acctfit·

61 725 141 753 tum
158 712 330 767 aduenit]
361 716 435 754 Hic
456 717 531 755 iam
553 715 720 756 ostendi·

63 780 144 817 tur,
173 765 387 820 persuasum
410 768 487 810 effe
505 771 719 823 Demipho-

62 826 123 873 ni,
171 826 248 863 vim
285 825 494 867 adhibitam
524 826 605 866 filio
639 826 718 878 suo,

62 893 222 920 vxorem
261 881 423 922 ducere:
462 896 561 933 vno,
598 897 719 935 quum

62 936 166 976 hunc
185 937 350 977 audacem
370 939 559 991 appellat:
586 940 717 989 altero,

63 991 170 1045 quod
204 992 296 1033 dicit
322 997 457 1036 etiam,-
495 1007 597 1047 quae
626 1008 718 1035 con-

61 1049 212 1088 iun'clio
241 1060 280 1088 et
315 1050 585 1102 Antiphonem
617 1064 718 1092 com-

63 1105 252 1157 pleffitur,
275 1116 313 1145 et
330 1105 378 1145 fic
395 1104 614 1146 accusatum.
644 1111 689 1149 E.

1371 541 1427 586 Se

769 650 880 699 nofl‘e
896 653 1084 700 debuerit.
1140 657 1288 756 ,ρέἰρρε
1298 659 1426 717 homo]

768 720 947 768 Repente
977 715 1105 756 tranfit
1137 731 1156 755 a
1219 719 1427 759 nominati-

768 785 871 821 uum,
896 786 1012 824 quum
1031 770 1142 824 supra
1153 773 1425 814 dixeritillum:

768 839 806 869 et
837 827 941 868 deest
964 842 1064 879 erat,
1092 829 1198 881 quod
1228 828 1426 870 affumirm-

767 884 815 924 ab
840 883 1044 925 inferiore.
1104 886 1186 924 Iam
1218 888 1425 942 grandior]

767 941 843 981 Hic
875 941 1160 993 comparatiuus
1195 955 1278 982 non
1307 941 1425 982 habet

765 995 1108 1050 significationem,'
1120 1011 1196 1049 qua
1213 1000 1334 1053 magis
1348 998 1425 1039 fine

766 1054 893 1092 minus
911 1052 1099 1106 significet
1117 1067 1139 1093 a
1156 1053 1333 1106 politino.
1371 1058 1424 1097 Vt

765 1111 884 1159 (Aen.
913 1121 975 1157 vl,
1004 1109 1138 1163 304),
1175 1109 1253 1148 Iam
1273 1110 1420 1162 finiar,

119 1164 225 1213 Lege
246 1173 332 1201 cum
354 1162 454 1204 Cod.
475 1165 718 1216 Regsstiam-
754 1164 826 1217 fid
849 1166 963 1205 cruda
980 1166 1074 1214 Deo,
1106 1165 1423 1228 viv·id{s'quefi715—

67 1231 110 1256 ne
146 1230 214 1267 pro
243 1217 367 1257 Etiam
392 1231 458 1259 me.
511 1221 573 1259 Sic
599 1219 714 1260 Adel.

64 1285 124 1318 lv,
146 1286 181 1324 3,
203 1285 238 1325 ς.
276 1273 451 1325 Accufizre
471 1287 630 1328 quoque
652 1275 717 1316 ab·

64 1326 186 1367 solute
213 1330 377 1379 ponitur.
433 1334 488 1381 B„

123 1395 173 1436 14
205 1385 306 1424 Nam
334 1389 406 1426 iam
425 1385 643 1439 adolefienti
659 1390 715 1427 ηἰ-

64 1440 118 1479 hil
153 1439 198 1491 cst
229 1441 327 1494 quod
364 1441 612 1497 fitccetfiam]
655 1445 716 1484 Sic

64 1493 245 1535 subtiliter
270 1510 312 1535 ac
346 1498 510 1537 latenter
532 1509 717 1552 purgatur

62 1566 84 1590 a
104 1552 341 1593 Phormione
360 1554 459 1605 apud
472 1567 620 1606 patrem
633 1559 717 1595 An-

63 1608 186 1659 tipho.
243 1611 342 1648 Nam
363 1623 480 1660 quum
499 1610 602 1659 dicit,
642 1611 715 1649 Ni-

64 1663 119 1703 hil
136 1664 181 1717 est
197 1665 299 1717 quod
309 1664 542 1716 succenseam
574 1666 715 1718 adoles-

64 1725 169 1769 remi,
190 1720 406 1760 ostenditur
424 1722 551 1761 adhuc
566 1719 717 1762 succen-

62 1773 184 1825 suisse,
206 1788 247 1816 et
265 1778 424 1816 inimico
444 1775 552 1817 suiffe
572 1780 716 1818 animo.

64 1833 196 1882 Quum
222 1844 351 1872 autern
382 1834 506 1882 addit,
551 1834 592 1874 Si
617 1833 716 1875 illum

64 1891 181 1926 minus
201 1901 323 1936 norat,
345 1887 558 1930 ostenditur
569 1903 716 1930 contra-

64 1940 199 1981 dixisse
221 1943 297 1991 libi,
316 1956 354 1982 et
371 1943 541 1984 restitisse
560 1946 716 1987 iudicio.

65 2001 114 2039 Et
133 1997 178 2036 fic
199 1999 297 2044 dicit,
320 2001 422 2050 quod
446 2001 469 2040 fi
491 2000 715 2042 adolescens

65 2067 146 2092 non
166 2053 378 2107 agnoscens
398 2057 576 2107 puellam,
613 2059 716 2098 veni*

64 2123 125 2147 am
146 2123 224 2148 non
248 2111 358 2159 (dele
376 2111 467 2151 Non
485 2115 543 2165 Z.)
567 2126 715 2154 merue-

66 2167 125 2213 rit,
152 2177 260 2217 patet·
281 2177 420 2218 negata
440 2180 605 2221 cognata
624 2168 714 2208 ferri

65 2234 143 2259 non
163 2219 285 2272 possit.
343 2223 454 2261 Nihil
469 2225 517 2276 est
530 2225 712 2277 quodficc-

68 2276 254 2330 censeam]
302 2276 513 2328 Succcnfire
558 2280 715 2319 dicimus

66 2346 175 2378 enm,
211 2333 275 2383 qui
304 2346 422 2382 quum
444 2334 714 2385 amarefforte,

63 2387 718 2435 amurn‘Z.)debeat‚laesusirascitur.

66 2449 114 2486 Et
129 2444 225 2489 vide,
251 2454 284 2481 vt
304 2447 532 2484 veteratorie
547 2446 719 2486 ostendat

65 2497 335 2540 contradixiss'e
346 2499 640 2542 adolescentem.
666 2505 716 2543 D.

126 2569 174 2607 15
214 2555 254 2592 51
296 2555 396 2594 illum
432 2561 547 2597 ntittus
583 2559 715 2612 norat]

64 2614 155 2652 Non
188 2611 285 2650 dixit
322 2612 417 2652 Non
459 2627 592 2653 norat:
638 2611 714 2663 sed,

62 2668 196 2710 Minus
233 2681 373 2708 norat:
414 2668 530 2725 quasi,
559 2680 598 2712 et
634 2668 715 2725 ipse

765 1221 853 1261 ἅτις.
911 1220 1058 1274 ¹„Quippe
1083 1221 1191 1260 homo
1216 1226 1289 1262 iam
1310 1237 1425 1277 gran·

764 1277 876 1331 dior]
925 1279 1216 1331 Argumentalis
1253 1280 1423 1318 nan-atio

765 1331 916 1380 dicitur,
937 1347 1037 1385 quae
1057 1345 1163 1372 nunc
1182 1333 1346 1374 subieaa
1367 1335 1423 1374 est

764 1388 812 1427 ad
831 1388 945 1428 fidem
965 1388 1194 1438 faciendam,
1225 1401 1264 1429 et
1283 1390 1424 1431 consti-

769 1445 951 1484 tuendam
969 1442 1171 1496 personam
1191 1445 1418 1486 defensoris.

768 1503 818 1540 Et
858 1499 1072 1550 Grandior,
1122 1514 1203 1541 non
1239 1503 1423 1557 grandts:

767 1556 871 1608 quali
899 1557 1013 1602 dicat,
1039 1557 1104 1608 qui
1134 1559 1316 1611 grandior
1340 1557 1424 1608 fuit,

768 1625 885 1663 quam
903 1623 940 1651 vt
959 1614 1066 1651 illurn
1086 1612 1309 1654 adolescens
1323 1615 1424 1666 opti·

766 1680 832 1706 me
852 1665 960 1706 nosse
978 1663 1113 1720 poffet.
1167 1669 1250 1709 Iam
1272 1672 1425 1724 grandi-

767 1724 826 1777 or]
849 1725 1008 1777 Proprie
1020 1724 1179 1778 grandis
1191 1725 1237 1764 ad
1253 1723 1424 1778 speciem

766 1779 933 1819 refertur
954 1782 1099 1829 aetatis,
1129 1792 1170 1819 vt
1187 1780 1340 1836 grandis
1356 1795 1421 1835 pu-

763 1849 822 1885 er,
851 1847 890 1874 et
914 1837 1071 1891 grandis
1096 1839 1228 1892 virg-03
1265 1840 1422 1893 grandis

764 1905 854 1931 natu
873 1890 991 1931 senex
1015 1888 1166 1934 dicitur.
1221 1896 1269 1933 D.

824 1951 872 1989 16
905 1949 976 1987 Cui
996 1960 1100 2000 opera
1115 1951 1195 1987 vita
1216 1949 1316 2003 erat]
1344 1952 1422 1991 Hie

765 2001 936 2042 ostendit
964 2017 1078 2056 quam
1107 2016 1256 2055 pauper
1288 2006 1417 2047 suerit.

765 2071 805 2097 et
836 2073 945 2112 opera
975 2057 1126 2111 septimi
1154 2061 1261 2110 (alii,
1292 2062 1422 2113 Sexti)

765 2113 867 2154 casus
897 2115 968 2162 est,
1001 2128 1039 2154 et
1067 2118 1151 2155 vita
1172 2117 1419 2157 nominatiui.

765 2171 834 2210 Cui
852 2183 959 2224 opera
978 2174 1058 2210 vita
1077 2172 1177 2224 erat]
1210 2172 1328 2224 Opera
1347 2187 1419 2225 pro

763 2228 861 2265 xristu
881 2223 1017 2278 posuit.
1048 2238 1086 2265 et
1109 2237 1217 2280 opem
1238 2228 1300 2267 hic
1320 2229 1421 2269 abla-

767 2283 867 2320 tiuus
889 2280 988 2321 casus
1011 2282 1075 2320 est.
1134 2281 1228 2321 Ruri
1252 2285 1347 2335 fere]
1375 2283 1420 2328 ld

768 2336 831 2384 est,
860 2339 949 2376 Ruri
968 2350 1083 2388 opera
1102 2336 1282 2379 faciendo
1306 2353 1421 2393 quae-

768 2392 877 2435 rebat
909 2392 1050 2432 cibum.
1108 2393 1154 2433 Et
1183 2393 1286 2435 bene
1313 2395 1421 2437 addi·

768 2448 826 2488 dit
853 2449 951 2502 fere·
995 2462 1076 2487 non
1114 2450 1221 2490 enim
1256 2447 1417 2506 semper,

766 2501 831 2544 sed
851 2505 1090 2559 plerumque.
1147 2507 1197 2545 D.

821 2560 891 2602 Cui
913 2570 1020 2612 opera
1040 2562 1119 2599 vita
1137 2561 1235 2616 erat]
1259 2560 1419 2616 Expres.

763 2615 806 2657 fit
824 2627 1104 2670 paupertatem,
1127 2618 1314 2659 cuivietus
1326 2634 1418 2672 quo-

762 2672 932 2716 tidianus
949 2685 1067 2726 opera
1077 2673 1339 2725 quaerebatur.
1372 2679 1417 2718 E.

1344 2733 1438 2774 Cuiu
