1875 3308
630 182 929 229 ADELPI-l.

1383 197 1445 245 39

122 329 182 361 20
215 307 309 375 AB.
346 314 456 357 Non
476 312 726 357 innueram:
764 326 921 358 verum
951 311 997 356 in
1028 306 1148 356 istam
1172 318 1340 374 partem
1363 328 1442 376 po·

312 389 397 433 tius
420 398 596 451 peccato
624 399 782 433 tamen.

214 465 235 510 I
257 479 374 509 nunc
398 464 496 507 iam.
534 459 626 509 SA.
673 461 778 525 quid
824 460 909 508 hoc
946 463 1010 508 rei
1051 459 1132 511 est!
1178 476 1443 522 regnumne,

313 537 536 588 Aeschine,
556 537 627 584 hic
646 547 693 582 tu
714 534 932 602 poffides?

217 610 318 660 ΑΕ.
364 615 408 660 Si
441 610 724 678 possiderem,
765 622 944 660 ornatus
979 608 1083 659 effes
1116 628 1167 659 ex
1196 613 1281 659 tuis
1311 613 1442 660 virtu·

312 688 442 737 tibus.

83 902 122 930 et
138 902 258 929 vnum
279 888 390 936 dabit,
422 885 488 928 sed
503 886 737 944 geminabit:

83 946 184 998 quali
206 945 316 994 dicat,
346 946 548 999 geminato
569 944 738 996 duplica-

83 1014 204 1053 toque
251 1014 412 1040 numero
456 999 607 1040 inferet.
665 1001 739 1040 Hei

80 1058 214 1109 ”nstro
265 1057 409 1112 mihi!]
464 1061 572 1099 Leno
617 1054 737 1109 pulsa·

83 1124 152 1154 tur.
210 1116 257 1154 D.

141 1171 338 1222 Ofizcinus
359 1169 571 1224 indignum]
605 1171 650 1207 In
663 1164 736 1210 Ms.

81 1230 122 1268 R.
171 1228 367 1280 indignum
404 1225 519 1264 deest.
589 1224 736 1275 Misero

81 1281 190 1335 mihi]
215 1280 284 1322 Ms.
302 1286 339 1322 R.
367 1284 399 1321 ei
417 1281 605 1332 miserum!
640 1284 680 1320 L.

140 1341 201 1378 Ne
225 1336 348 1378 versus
377 1337 418 1376 lit
447 1338 542 1376 iusto
573 1338 739 1389 longior,

86 1406 236 1445 repone
266 1396 300 1433 O
309 1395 458 1445 focinus
471 1392 717 1443 miserandum
730 1393 737 1431 !

91 1449 312 1496 Geminabit,
337 1449 398 1498 rufi
419 1463 531 1488 canes.
586 1451 658 1487 Hei
679 1451 740 1486 mi—

74 1507 238 1558 fitium!
287 1507 404 1546 Certe
439 1505 554 1544 nostri
595 1503 741 1543 habent

85 1563 119 1601 O
139 1560 466 1614 mifirumfacinus
477 1590 486 1609 ‚
519 1573 557 1599 et
576 1562 647 1599 Hei
674 1563 740 1599 mi-

71 1619 226 1672 seriam.
285 1620 323 1656 B.

136 1686 189 1714 20
217 1674 308 1712 Non
338 1672 548 1725 innueram]
574 1671 738 1715 Conue-

82 1730 240 1768 nienter
262 1733 381 1770 Poeta
408 1728 622 1767 auidiorem
656 1731 739 1766 l'ar-

84 1798 294 1825 menonem
324 1783 596 1824 malefaciendi
627 1782 738 1821 indu-

83 1844 154 1888 cit,
183 1855 301 1892 quum
321 1839 426 1892 supra
453 1840 654 1880 dominum
675 1840 738 1878 in-

85 1900 204 1936 uitum
236 1897 455 1937 ostenderet
486 1897 575 1950 cogi
607 1895 652 1933 ad
683 1896 739 1933 in-

77 1954 285 1992 serendam
310 1954 504 1994 iniuriam.
563 1954 607 1991 In
635 1953 649 1989 i
681 1965 739 1989 nm

82 2023 223 2062 partem
247 2012 373 2062 potius
397 2010 558 2060 peccato]
590 2010 642 2046 Vt
662 2021 739 2046 ver-

90 2066 198 2104 beres
217 2080 295 2105 non
316 2062 428 2105 iuss'us
450 2066 590 2116 potius,
620 2076 738 2114 quam

87 2117 198 2160 iufl'us
218 2136 296 2160 non
317 2121 507 2161 verberes,
563 2122 611 2161 D.

143 2178 274 2217 Verum
301 2180 340 2216 in
367 2177 468 2228 estam
491 2175 652 2229 partem]
687 2177 740 2214 Vt

88 2234 273 2272 lenonem
293 2234 470 2274 caederet
491 2231 632 2279 seruus,
654 2244 738 2269 non

84 2290 262 2329 innuerat
286 2287 529 2334 adolescens,
568 2285 631 2326 sed
657 2287 737 2334 hac,

85 2345 232 2395 inquit,
273 2358 379 2396 parte
408 2346 536 2397 potius
566 2354 736 2395 peccato.

84 2402 191 2440 Licet
228 2402 331 2440 enim
367 2413 500 2440 contra
533 2400 737 2450 imperium

83 2469 238 2495 mecum
258 2454 389 2505 fecisti,
408 2469 538 2496 tamen
560 2455 598 2494 id
618 2454 738 2494 fecisti

85 2512 190 2563 quod
216 2512 364 2552 vollem.
420 2517 462 2554 E.

141 2579 190 2608 21
224 2568 332 2606 Nunc
352 2569 442 2621 iam]
473 2570 585 2608 Duae
613 2576 738 2617 partes

85 2624 176 2662 istae
199 2623 290 2662 sunt.
348 2626 394 2664 Et
411 2623 513 2663 bene
533 2624 620 2665 Iam,
649 2623 739 2672 quia

85 2676 181 2730 sero,
201 2691 241 2719 et
258 2678 339 2732 post
354 2680 496 2735 plagas.
551 2682 599 2721 Et
618 2689 739 2718 vti-um

1353 766 1444 811 SA.

787 887 863 927 hoc
886 887 1034 937 lenoni,
1054 899 1092 926 vt
1107 885 1218 927 abeat
1228 884 1255 933 ζ
1267 899 1314 925 an
1338 885 1446 937 puel-

787 945 848 983 lae
860 952 877 992 ‚·
909 956 947 983 vt
975 945 1153 992 introeat,
1180 942 1343 984 dicitur?
1379 939 1445 980 sed

787 999 947 1040 facetius
968 1000 1032 1047 est,
1055 1000 1079 1038 {i
1098 998 1445 1052 lenoniintelligas

787 1056 882 1096 dici:
914 1056 1018 1107 quali
1038 1055 1112 1095 hoc
1129 1053 1444 1105 faElumfitquod

786 1114 972 1153 voluerit:
1007 1123 1047 1152 et
1086 1111 1188 1164 quali
1219 1111 1369 1150 venerit
1406 1121 1445 1149 vt

788 1170 957 1221 vapulet.
1011 1173 1060 1209 Et
1088 1171 1166 1207 lam
1193 1168 1308 1207 etiam
1328 1165 1446 1205 tardi-

788 1227 874 1265 tatis
902 1222 1084 1264 incusatio
1107 1222 1171 1264 est.
1200 1234 1239 1263 vt
1258 1223 1447 1275 Virgilius

788 1284 912 1331 (Aen.
938 1294 1013 1331 κη,
1036 1281 1146 1334 179.)
1162 1309 1171 1327 ,
1200 1281 1278 1320 Iam
1302 1279 1442 1326 melior,

788 1340 874 1383 iam,
895 1338 994 1384 diua,
1029 1349 1169 1389 precor.
1224 1337 1444 1388 Regnumne,

787 1393 978 1443 Aeschine]
1016 1391 1210 1432 Inuidiosa
1244 1390 1445 1429 moraliter

789 1451 1027 1491 exclamatio,
1049 1460 1087 1486 et
1098 1449 1294 1487 ardentior
1309 1446 1355 1485 ad
1368 1447 1446 1498 pla·

790 1519 869 1558 gas.
930 1505 1146 1559 Regnumne,
1178 1502 1364 1554 Aeschine,
1385 1503 1445 1540 hic

789 1576 830 1602 tu
841 1560 1050 1614 poffides?]
1081 1562 1188 1600 Bene
1213 1559 1290 1606 hic,
1318 1557 1357 1597 id
1379 1557 1444 1604 est,

784 1618 967 1665 *Atheniffi
989 1616 1051 1654 vbi
1066 1617 1218 1667 grauius
1230 1616 1374 1655 crimen
1391 1612 1446 1652 est

788 1673 980 1712 dominari
1001 1672 1113 1710 velle.
1169 1673 1269 1711 Nam
1290 1670 1456 1724 tyraan

788 1729 843 1767 ibi
881 1727 1029 1780 semper
1058 1728 1221 1780 oppressi
1256 1724 1364 1774 sunt,
1406 1736 1445 1764 et

788 1786 957 1824 maxime
979 1784 1141 1834 proximi
1156 1784 1314 1835 (Vulge),
1329 1784 1446 1821 maxi-

787 1855 842 1880 me
860 1856 884 1879 a
896 1841 1116 1893 proximis).
1171 1842 1220 1880 D.

843 1897 862 1935 1
879 1910 974 1935 nunc
995 1896 1087 1950 iam]
1119 1893 1190 1938 Ms.
1214 1897 1253 1935 R.
1274 1905 1311 1935 et
1333 1892 1441 1935 V.C.

788 1953 814 1993 I
830 1967 925 1991 nunc
946 1956 1018 1991 iam
1040 1965 1094 1990 tu.
1149 1955 1189 1993 L.

843 2021 897 2050 22
925 2009 964 2048 Si
979 2007 1207 2061 poſjiderem]
1235 2001 1336 2052 lium)
1356 2012 1444 2051 εἴρω-

787 2072 852 2103 νεία
880 2065 1165 2104 contemnentis
1192 2065 1232 2101 in
1258 2063 1364 2114 (dele
1393 2064 1444 2109 in,

788 2120 950 2160 ducibus
974 2119 1058 2160 Msl'.
1090 2131 1129 2159 et
1149 2118 1245 2160 Edd.
1264 2120 1370 2169 vett.)
1389 2117 1444 2155 in-

788 2178 948 2216 uidiam.
1009 2179 1176 2215 Ornatus
1201 2173 1280 2225 effes
1301 2188 1346 2212 ex
1367 2175 1444 2212 tuis

788 2231 1011 2278 virtutihus]
1045 2234 1135 2274 Cito
1148 2229 1445 2280 ostenditquan-

789 2301 870 2328 tum
900 2291 1049 2340 (quam)
1071 2302 1092 2326 a
1121 2284 1156 2327 se
1177 2287 1295 2339 longe
1325 2285 1366 2324 iit
1385 2298 1444 2322 re-

789 2358 929 2399 gnum,
958 2357 1057 2397 quae
1077 2343 1212 2382 dixerit
1231 2341 1349 2391 (Alii,
1376 2342 1443 2393 qui

788 2405 948 2440 dixerat.
1007 2403 1137 2447 Forte,
1172 2399 1256 2450 quia
1291 2397 1444 2436 dixerat

786 2460 849 2509 7,.)
892 2457 1017 2495 ornari
1049 2453 1211 2507 potuifl'e
1238 2452 1439 2492 lenonem.

789 2514 851 2552 Ex
869 2515 941 2551 tuis
963 2509 1182 2561 virtutihus]
1212 2509 1273 2549 Sic
1291 2519 1444 2548 veteres

790 2582 856 2618 per
887 2575 1042 2612 siem-,ulau
1070 2570 1227 2605 virm&
1249 2578 1317 2616 pro
1338 2564 1444 2616 flagi-

788 2626 848 2663 tiis
880 2623 1073 2662 dicebant.
1136 2622 1326 2668 Lucilius,
1355 2622 1445 2659 Ani-

786 2694 846 2723 mo
866 2694 907 2721 ac
931 2678 1142 2722 virtuthus.
1199 2680 1248 2720 D.

896 2736 931 2778 G
963 2748 992 2790 4
1326 2731 1446 2773 Orna-
