1875 3244
208 284 612 343 ‹r--=·—--—·
797 305 997 327 --—

311 415 382 476 C.
431 412 1295 500 SVLP1T11APOLL1N.

169 500 755 601 PERIOCHA
793 525 907 598 IN
943 525 1438 610 TERENT.

597 645 1007 703 HECYRAM.

358 825 384 854 x
403 826 430 855 o
451 826 479 854 R
502 827 524 854 ε
547 826 584 853 M
631 807 753 855 duxit
781 807 1037 873 Pamphilus
1060 808 1385 863 Philumenam,

148 904 153 907 ·
383 888 464 933 Cui
487 884 710 949 quondam
735 886 943 944 ignorans
957 887 1116 947 virgini
1142 889 1297 933 vitium
1312 885 1494 935 obtulit:

380 962 611 1024 Cuiusque‚
636 978 715 1025 per
733 963 823 1007 vim
851 977 983 1024 quem
1004 962 1198 1010 detraxit,
1222 963 1404 1010 anulum

380 1038 572 1085 Dederat
603 1040 762 1083 amicae
786 1038 989 1084 Bacchidi
1013 1038 1329 1086 meretriculae.

255 1115 372 1159 Dein
386 1112 613 1179 profeaus
635 1116 680 1160 in
695 1113 895 1159 Imbrum
910 1112 993 1160 est:
1021 1127 1204 1179 nuptam
1216 1115 1322 1162 haut
1333 1117 1495 1179 attigit:

254 1192 384 1236 Hanc
406 1201 543 1237 mater
567 1201 690 1237 vtero
715 1190 956 1250 grauidam,
979 1208 1035 1237 ne
1061 1192 1105 1238 id
1124 1191 1222 1238 sciat
1249 1192 1407 1245 socrus,

255 1270 317 1313 Vt
340 1275 513 1328 aegram*
534 1266 587 1313 ad
602 1267 649 1316 se
671 1266 889 1317 transfert,
926 1270 1101 1314 reuenit
1122 1268 1399 1333 Pamphilus:

256 1343 566 1407 Deprehendit
587 1356 787 1407 partum:
821 1344 950 1389 celat:
990 1360 1171 1391 vxorem
1193 1354 1340 1392 tamen

257 1421 470 1483 Recipere
494 1437 583 1466 non
613 1420 718 1465 volt.
759 1430 884 1482 pater
905 1419 1066 1466 incusat
1088 1420 1314 1467 Bacchidis

20 1498 25 1593 Ι
258 1500 489 1541 Amorem.
527 1495 632 1540 dum
658 1496 696 1541 se
717 1506 879 1559 purgat
899 1495 1092 1549 Bacchis,
1116 1496 1300 1544 anulum

20 1598 24 1632 l
141 1568 143 1571 ’
256 1571 403 1616 Mater
428 1573 598 1617 vitiatae
619 1571 734 1617 forte
756 1570 947 1630 agnoscit
969 1571 1224 1634 Myrrhina.

0 1634 24 1917 ιΙ
257 1651 452 1695 onrem
473 1648 630 1711 recipit
654 1645 910 1711 Pamphilus
935 1663 1036 1693 cum
1054 1645 1164 1694 filio.
1224 1675 1227 1680 ·

125 1793 293 1845 AELll
334 1794 642 1856 DONATI‚
700 1797 765 1846 V.
817 1793 876 1846 C.
924 1793 1276 1847 ORATORIS
1317 1799 1502 1852 VRBIS

265 1884 508 1933 ROMAE,
545 1885 907 1926 PRAEFATIO
949 1887 1017 1928 IN
1058 1887 1367 1930 HECYRAM

648 1960 980 2000 TERENTII.

127 2081 295 2178 Haec
315 2084 445 2128 fabula
462 2090 693 2142 Apollodori
711 2091 818 2145 (vid.
839 2090 974 2133 Sidon.
994 2092 1122 2143 Apoll.
1144 2105 1199 2142 lv,
1219 2093 1333 2144 Epist.
1349 2107 1410 2137 12.
1440 2097 1503 2149 L.)

258 2139 336 2181 effe
365 2143 502 2189 dieitur
520 2148 678 2188 Graeca.
737 2151 838 2189 Nam
866 2161 904 2189 et
932 2146 1010 2200 ipsa
1030 2160 1069 2188 et
1094 2147 1273 2188 Phormio
1292 2152 1339 2190 ab
1357 2151 1504 2192 eodem

132 2196 316 2236 dicuzmr
343 2198 419 2239 effe
453 2201 685 2243 translatae:
713 2218 831 2256 quum
862 2205 1038 2256 reliquae
1060 2216 1225 2256 quatuor
1242 2206 1314 2245 {int
1333 2211 1504 2248 Menan-

133 2253 192 2291 dri
217 2256 363 2296 camini.
423 2259 570 2309 Heqyra
596 2271 725 2299 autem
746 2261 888 2299 dicitur
910 2261 1020 2309 ideo,
1051 2263 1140 2312 quia
1160 2275 1230 2312 per
1248 2259 1372 2302 socrus
1394 2276 1432 2303 et
1450 2263 1504 2304 so-

133 2322 241 2348 cen-2:
264 2313 303 2349 in
326 2324 372 2351 ea
391 2328 561 2367 aguntur
579 2317 708 2355 multa.
765 2319 864 2357 Nam
885 2329 923 2356 et
940 2317 1059 2363 ἑκυρὸς
1080 2328 1118 2356 et
1144 2318 1266 2366 -ιῗκυροέ,
1296 2317 1415 2360 soceri
1437 2335 1506 2360 no-

132 2379 222 2404 mm
277 2365 477 2421 socrusque
505 2371 733 2425 significant.
793 2373 855 2414 Est
875 2384 1006 2413 autem
1024 2374 1143 2413 mixta
1163 2376 1338 2415 motoriis
1358 2377 1503 2418 affibus

134 2436 177 2461 ac
209 2424 380 2470 lignariis:
413 2429 656 2481 multumque
674 2427 954 2468 sententiarum
974 2441 1012 2468 et
1033 2428 1244 2483 figurarum
1266 2435 1443 2473 continet
1461 2435 1505 2473 in

133 2489 214 2518 tota,
236 2479 328 2519 stilo.
385 2484 504 2523 Vnde
521 2499 639 2537 quum
659 2485 829 2526 deleclet
847 2487 1079 2538 plurimum3
1110 2500 1191 2526 nou
1219 2490 1345 2529 minus
1371 2491 1506 2530 vtilita·

135 2536 181 2573 tis
213 2536 325 2576 aflei-t
352 2535 637 2590 speclatoribus.
705 2551 828 2594 atque
858 2544 898 2581 iu
923 2542 991 2581 liae
1019 2544 1166 2593 primae
1185 2544 1312 2596 partes
1335 2545 1421 2586 sunt
1438 2551 1506 2588 La-

134 2591 274 2640 chetis,
314 2591 505 2637 secundae
523 2597 719 2650 Pamphili,
740 2601 877 2638 tertiae
896 2598 1090 2650 Phidippi,
1120 2613 1279 2651 quartae
1299 2606 1506 2643 Parmeno.

132 2648 213 2691 nis:
243 2662 288 2690 ac
308 2651 497 2704 deinceps
518 2655 677 2696 aliarum
696 2654 959 2708 personarum,
988 2667 1089 2708 quae
1108 2655 1167 2699 his
1184 2658 1387 2700 adiuuuae
1409 2658 1504 2699 sunt.

1372 2713 1504 2758 Diuisa
