1875 3308
4 3062 11 3308 i

628 196 935 245 ADELPH.

1367 210 1431 256 77

206 334 333 378 Tum
367 336 512 374 autem
536 330 696 389 Syrum
726 322 1023 390 impulsorem,
1046 319 1154 368 vah!
1194 320 1353 386 quibus
1377 323 1430 371 il-

305 404 398 450 lum
419 403 649 449 lacerarem
674 402 830 452 modis,

209 480 451 529 Sublimem
474 478 668 525 medium
690 478 887 541 primum
918 475 1183 538 arriperem,
1219 482 1264 519 et
1292 476 1433 540 capite

306 557 351 601 in
378 565 539 600 terram
561 552 801 602 statuerem,

207 635 270 678 Vt
289 630 468 676 cerebro
492 628 704 692 dispergat
720 628 851 673 viam.

114 725 177 758 ιο
213 704 484 754 Adolescenti
520 701 596 768 ipsi
619 705 835 768 eriperem
857 697 1030 747 oculos:
1069 694 1167 764 post
1189 697 1295 745 haec
1313 715 1436 764 prae·

309 783 487 845 cipitem
513 779 675 825 darem.

213 859 415 904 Caeteros
439 870 627 906 ruerem,
648 868 837 915 agerem,
869 865 1086 916 raperem,
1118 847 1364 904 tunderem,
1394 861 1439 899 et

309 929 646 997 prosternerem.

139 1144 189 1185 17
219 1129 349 1183 Syrum
367 1128 615 1183 impulsorem]
637 1129 738 1170 Cau-

83 1187 152 1230 sae.
173 1202 325 1241 poenae
344 1189 444 1244 (Qi
463 1185 509 1238 est
537 1185 640 1238 causa
656 1197 739 1238 poe·

84 1259 153 1285 nae
177 1247 250 1293 Ζ).
311 1243 400 1292 Vah,
420 1241 552 1296 quihus
567 1242 668 1280 illum
685 1241 737 1280 la·

87 1315 246 1340 ceratem
274 1299 393 1340 modis
404 1303 419 1338 !
428 1300 444 1353 ]
475 1299 548 1339 Hic
567 1298 738 1336 voluntas

87 1357 293 1397 immodica
313 1355 538 1401 ostenditur,
571 1366 740 1405 poenam

89 1426 160 1466 pro
199 1413 335 1450 merito
375 1408 622 1463 reposcentis,
694 1411 742 1448 Et

91 1479 194 1513 nota,
218 1480 338 1518 quum
358 1469 495 1518 Syrum
509 1465 659 1510 dixerit,
681 1463 743 1503 ad—

88 1521 226 1564 didiss'e
248 1534 360 1561 nutus
377 1523 426 1562 de
446 1519 656 1574 supercilii).
689 1520 740 1558 D.

152 1586 198 1627 18
238 1577 453 1632 Sublimem]
501 1578 571 1617 Ista
615 1574 743 1629 (Ipsa)

91 1649 232 1690 poena.
288 1638 336 1675 D.

146 1695 273 1743 Lege,
303 1688 498 1731 Sublimem
515 1688 670 1728 medium
687 1701 744 1726 ar-

93 1750 270 1802 riperem,
305 1759 342 1785 et
373 1749 488 1798 capite
515 1746 676 1798 pronum
702 1745 744 1782 in

94 1817 230 1844 terram
240 1801 450 1854 statuerem.
478 1805 575 1842 Nam
595 1814 643 1840 ex
661 1811 746 1853 pro·

94 1872 180 1899 num
199 1873 267 1911 per
288 1858 564 1911 compendium
581 1855 744 1896 scriben-

98 1915 138 1954 di
171 1914 224 1954 est
261 1926 386 1954 ortum
412 1918 590 1966 primum:
639 1911 746 1964 quod

98 1970 239 2023 postea,
260 1984 309 2009 ne
330 1968 451 2010 sensus
463 1970 747 2022 planeineptus

100 2026 328 2075 efficeretur,
348 2028 544 2066 retraelurn
558 2026 609 2066 est
619 2025 665 2064 ad
676 2025 750 2078 pri-

101 2094 144 2121 us
163 2082 327 2121 versiculi
347 2084 474 2122 colon.
528 2085 567 2123 B.

163 2149 211 2191 19
240 2139 450 2188 statuerem,
469 2151 513 2178 vt
523 2136 669 2178 cerebro
681 2135 750 2187 dis

98 2205 234 2248 pergat
279 2195 404 2249 viam]
458 2198 507 2236 Et
549 2193 752 2233 cerebrum

104 2261 145 2288 et
171 2251 228 2288 via
246 2248 406 2304 dispergi
430 2250 570 2302 potest:
595 2248 687 2289 ideo
706 2254 755 2287 vi-

104 2305 215 2344 detur
233 2306 468 2361 ambiguum.
480 2306 629 2360 vtapud
643 2307 751 2358 Virg.

104 2366 218 2410 (Aen
252 2375 305 2410 lv,
340 2367 456 2417 664.)
487 2386 542 2394 —
572 2363 755 2414 enfimque

107 2430 238 2456 cruore
267 2417 510 2471 Spumantem,
531 2418 755 2472 sparsasque

106 2486 244 2512 marsus.
284 2498 336 2506 —-
391 2476 511 2516 Aliter
537 2477 644 2515 enirn
668 2474 756 2512 dici·

108 2540 168 2569 tur
187 2530 282 2578 (Ecl.
303 2542 342 2576 v,
361 2532 468 2584 40.>‚
497 2530 667 2586 Spargite
691 2528 757 2566 bu-

107 2600 202 2626 mum
220 2586 345 2637 soliis.
374 2609 429 2618 —-
484 2589 610 2629 Aliter
635 2590 755 2638 (Aen.

108 2654 165 2689 lv,
197 2644 329 2694 512),
357 2640 547 2693 Sparserat
576 2654 611 2684 et
634 2643 760 2682 latices

94 2697 284 2749 fimulatos
293 2699 420 2748 sontis
442 2699 591 2738 Auerni.
644 2702 695 2739 1).

163 2766 218 2795 20
248 2752 480 2804 Adolofienu'
503 2756 576 2807 ¹Pfi
587 2766 760 2808 euperem
814 2795 816 2799 ,

1354 999 1440 1048 Sed

784 1123 921 1177 oculos]
952 1127 1061 1165 Bene
1073 1122 1214 1170 Oculos,
1232 1123 1371 1163 amoris
1384 1124 1442 1163 in-

787 1184 892 1222 dices
905 1183 1046 1233 (Forte,
1069 1181 1216 1231 illices),
1236 1176 1441 1219 adiutores-

787 1252 868 1291 que
897 1238 1042 1291 flagitii.
1097 1236 1268 1287 Posthaec
1298 1238 1441 1290 praeci·

783 1298 896 1349 pitens
926 1293 1067 1347 darem]
1114 1293 1281 1334 Grauior
1312 1305 1444 1345 poena

789 1351 981 1391 caecitatis
1012 1348 1081 1401 (ab
1101 1351 1332 1396 caecitatem,
1359 1346 1439 1396 seu,

790 1409 926 1446 caecati
945 1405 1007 1456 Z.)
1029 1418 1110 1444 non
1131 1403 1343 1456 prouidere
1362 1417 1444 1457 quo

792 1463 915 1503 cadas.
971 1464 1021 1501 D.

847 1530 897 1560 21
931 1517 1099 1557 Caeteros
1124 1514 1287 1569 ruerem]
1312 1514 1447 1563 Ruere,

792 1576 954 1614 affluam
979 1573 1053 1611 vim
1072 1571 1198 1612 habet.
1252 1570 1448 1612 Sallustius

792 1633 834 1670 in
855 1628 1033 1676 secundo,
1057 1629 1138 1667 leta
1157 1640 1291 1675 eorum,
1321 1629 1388 1679 qui
1406 1629 1447 1666 in

784 1684 938 1738 flamine
982 1682 1142 1724 ruebant
1159 1711 1170 1732 ‚
1211 1681 1447 1725 necabantur.

794 1744 917 1783 Ruere
939 1741 1062 1787 enim,
1090 1740 1142 1778 est
1171 1749 1253 1778 toto
1282 1751 1449 1791 corpore

794 1800 844 1838 vti
866 1798 912 1837 ad
933 1795 1242 1848 impellendum:
1269 1795 1375 1846 quod
1393 1794 1450 1834 sa-

793 1856 916 1901 ciunt,
936 1854 1002 1905 qui
1020 1851 1086 1904 ipii
1106 1851 1333 1904 praecipites
1355 1852 1451 1890 alios

794 1910 1049 1964 prosternunt.
1089 1906 1205 1947 Vnde
1222 1906 1452 1959 p1·opriefi-

796 1981 832 2008 es
849 1980 951 2006 ruere
979 1965 1173 2004 dicuntur.
1230 1965 1340 2015 Virg.
1357 1966 1448 2014 (Ge.

779 2037 860 2071 an,
879 2022 992 2076 255.)
1026 2019 1108 2074 Ipse
1131 2021 1231 2065 ruit,
1259 2018 1450 2071 dentesque

796 2079 991 2121 Sabellicus
1010 2079 1159 2117 exacuit
1177 2075 1252 2127 fies.
1298 2077 1344 2114 Et
1371 2078 1449 2114 Ηο·

799 2147 869 2176 rat.
890 2132 1024 2188 (Epist.
1043 2133 1233 2182 n‚2‚75.)
1270 2131 1378 2170 Hanc
1392 2144 1452 2170 ra·

801 2191 903 2244 biofiz
921 2190 1034 2244 siegit
1061 2189 1181 2230 canis,
1209 2199 1251 2225 ac
1271 2185 1454 2225 lutulenta

802 2252 880 2288 ruit
906 2246 983 2301 fies.
1037 2241 1210 2298 Agerem]
1249 2239 1454 2293 Proseque—

802 2318 885 2348 rer,
915 2313 1145 2354 premerem.
1202 2299 1311 2350 Virg.
1331 2299 1454 2350 (Aen.

801 2374 862 2408 iv,
881 2360 994 2411 245.)
1024 2355 1090 2395 Illa
1105 2354 1237 2405 fretur
1262 2355 1345 2408 agit
1374 2366 1456 2391 vcn-

803 2430 870 2457 τος.
928 2414 971 2454 ld
1001 2410 1074 2458 est,
1111 2409 1457 2449 nimia'celeritate

803 2468 1062 2526 persequitur,
1091 2477 1130 2505 et
1155 2478 1261 2516 pene
1280 2475 1456 2517 occupat,

805 2526 1097 2582 praeuenitque.
1160 2522 1382 2570 Tunderem,
1423 2534 1457 2559 es

804 2578 1088 2636 prosternerem]
1113 2579 1220 2619 Vide
1236 2589 1353 2629 quam
1380 2575 1459 2616 soi·-

808 2642 854 2679 tis
879 2637 945 2679 fibi
971 2635 1163 2684 videntur,
1192 2635 1261 2687 qui
1284 2633 1392 2672 dolet
1419 2642 1460 2672 et

807 2693 985 2736 irascitur.
1040 2693 1089 2732 Ω.

1362 2742 1463 2782 Tun·
