1875 3292
397 135 494 190 ιρις
688 170 698 177 .
783 128 948 180 Ae‘r.
976 131 1029 178 V.
1060 127 1255 178 scEN.
1291 132 1362 179 1x.

527 260 631 313 DE·
664 264 804 311 Nunc
826 271 876 308 tu
902 259 1014 308 mihi
1045 276 1089 307 es
1116 275 1351 321 germanus
1381 262 1547 329 pariter
1574 277 1763 331 corpore

630 341 860 391 etlanimo.
896 335 996 385 ΜΙ.
1033 336 1218 399 gaudeo.

431 434 499 485 35
535 416 584 468 D
599 429 644 465 E.
682 421 771 466 Suo
794 414 871 464 fibi
893 414 1037 477 gladio
1057 414 1178 462 hunc
1204 413 1375 477 iugulo.

431 612 437 628 .,
468 565 779 624 Achs
833 561 1176 633 Qvs1NT1
1234 539 1542 620 SCENA
1587 564 1687 620 lx.

590 658 759 700 SYRVS.
808 656 1012 699 DEMEA.
1052 655 1220 697 MICIO.
1256 655 1562 699 AESCHINVS.

390 734 466 853 F
481 821 506 849 A
527 818 552 848 c
575 818 607 847 τ
630 819 660 849 v
681 817 719 846 M
770 795 844 851 est,
876 794 998 861 quod
1017 792 1130 848 iusti,
1161 799 1343 843 Demea.
1653 839 1668 843 ,

526 878 576 929 D
590 892 632 926 E.
672 877 813 937 Frugi
835 873 972 921 homo
995 889 1064 919 es:
1106 888 1190 935 ego
1211 870 1548 940 aedep01hodie
1561 888 1657 922 mea
1670 871 1765 941 qui·

625 953 728 1002 dem
762 951 971 1001 sententia

1608 1026 1766 1078 Iudico

446 1191 502 1236 35
530 1178 603 1221 Suo
620 1176 699 1232 fibi
724 1174 819 1218 hunc
843 1172 972 1233 gladio
996 1175 1050 1214 in·
1101 1168 1185 1227 que'
1203 1173 1337 1215 merita
1359 1184 1431 1227 per
1448 1174 1575 1226 partes
1588 1170 1667 1225 fita
1696 1172 1766 1227 Z.)
1808 1174 1810 1179 “

387 1241 497 1296 gulo]
525 1240 729 1285 Α’λληγοςίκ.
787 1239 839 1276 Et
857 1247 939 1273 non
957 1233 1046 1280 Suo,
1102 1230 1230 1270 seruus
1253 1228 1482 1282 exsequitur,
1509 1229 1632 1282 Quod
1646 1227 1764 1283 vsque

388 1296 456 1338 sed
475 1295 548 1334 Suo
559 1293 659 1347 fibi,
693 1292 914 1339 moraliter,
945 1299 985 1329 et
1012 1297 1052 1328 vt
1101 1301 1123 1327 a
1142 1288 1269 1340 pueris
1288 1288 1420 1327 ambos
1442 1288 1634 1326 curauerit
1650 1286 1765 1328 sedu-

389 1363 542 1395 veteres
561 1349 685 1391 solent
702 1348 825 1401 loqui.
881 1348 933 1389 D.
1104 1345 1166 1393 10,
1194 1345 1380 1393 docuerit,
1410 1345 1621 1393 monuerit,
1655 1343 1764 1397 quod

442 1409 520 1448 Suo
541 1406 619 1461 fibi
641 1405 767 1463 gladio
793 1405 886 1444 hunc
904 1400 1051 1458 iugulo]
1103 1399 1209 1442 bene
1251 1401 1503 1453 praeceperit.
1561 1402 1665 1441 Huic
1703 1402 1765 1443 rei

385 1463 519 1520 Ipsum
558 1464 625 1504 suo
670 1463 800 1518 gladio
839 1460 1047 1507 interficio,
1103 1457 1411 1510 peri1·1·ifionem
1447 1457 1674 1511 adiungitur
1702 1469 1765 1499 et..

387 1524 482 1575 quia
501 1518 584 1575 ipse
602 1520 677 1560 hoc
696 1519 803 1568 dixit,
823 1517 927 1558 vnde
946 1528 1052 1556 nunc
1102 1516 1179 1555 iam
1202 1514 1315 1564 illud,
1362 1514 1481 1566 Quod
1516 1513 1765 1556 obsonauerit

387 1581 573 1620 vincitur.
628 1581 670 1617 E.
1102 1584 1190 1610 cum
1209 1570 1296 1620 fide,
1321 1571 1426 1623 quod
1446 1570 1647 1611 adduxerit
1665 1570 1764 1611 scor·

446 1635 522 1674 Suo
545 1631 624 1686 fibi
652 1628 796 1687 gladio]
828 1630 963 1671 Simile
994 1626 1050 1669 se·
1100 1638 1200 1675 tum,
1233 1628 1460 1666 conuiuium
1486 1629 1682 1679 parauerit
1710 1627 1762 1669 de

385 1705 431 1732 re
452 1691 547 1730 illud
568 1687 807 1743 apudTreb.
827 1687 987 1727 Pollion.
1009 1685 1050 1723 in
1101 1683 1189 1729 die,
1225 1684 1332 1734 quod
1360 1682 1461 1722 hanc
1480 1682 1672 1733 psaltriam
1693 1683 1763 1724 ho·

386 1749 548 1792 Mario':
591 1743 780 1797 Addidzffi
813 1742 899 1782 haec
935 1740 1048 1781 verba
1100 1739 1164 1778 die
1183 1752 1290 1778 nunc
1313 1740 1461 1779 emerit.
1523 1743 1566 1780 E.

386 1806 530 1846 dicitur
549 1804 793 1844 interemtor:
822 1801 896 1839 Hic
915 1798 1049 1853 estgla·
1151 1794 1264 1851 Quod
1280 1795 1384 1851 iusti]
1418 1798 1462 1836 V.
1484 1798 1530 1840 C.
1558 1795 1673 1851 Qtod
1689 1794 1762 1848 ius:

387 1862 487 1909 dius,
511 1873 616 1915 quem
638 1858 710 1912 ipse'·
724 1856 863 1910 fictsti.
911 1856 1048 1895 Hiero·
1087 1851 1183 1907 fisti.
1240 1856 1280 1893 L.

387 1932 497 1975 nym.
516 1916 630 1970 Epist.
650 1914 696 1955 ad
717 1918 932 1968 Magnum:
960 1913 1050 1952 qu-
1153 1910 1227 1951 Hic
1249 1905 1375 1948 versus
1399 1908 1651 1961 praecedenti
1670 1909 1761 1951 iun-

387 1989 429 2017 τα
455 1974 614 2028 fhbulas
650 1974 870 2019 Poetarum,
903 1968 979 2020 fico
1003 1968 1049 2019 fi
1100 1967 1200 2006 &um
1221 1965 1338 2006 efficit
1355 1965 1628 2007 Trochaicum.
1683 1968 1761 2009 Ve-

388 2032 469 2086 enfi
501 2033 691 2072 lacerauit.
757 2029 918 2069 Variam
956 2038 1046 2065 vero
1098 2035 1181 2063 rum
1202 2036 1254 2062 ne
1273 2023 1514 2062 concinnitas
1533 2033 1690 2076 pereat,
1720 2034 1760 2065 et

384 2088 513 2142 scripti
539 2085 720 2128 Terentii
747 2084 857 2124 codd.
881 2095 1046 2134 quorum
1101 2079 1239 2120 Gladio
1261 2090 1385 2119 totum
1403 2080 1443 2118 in
1470 2078 1586 2120 Thefi
1604 2078 1759 2120 abscon·

383 2151 474 2200 pars
494 2159 637 2198 magna
655 2143 703 2182 fic
722 2142 859 2182 habet:
879 2141 1043 2188 Gaudw,
1096 2136 1226 2186 datur,
1256 2136 1472 2192 Iuguldque
1488 2137 1528 2176 in
1561 2137 1688 2177 vlrima
1721 2136 1761 2179 se

385 2217 424 2244 et
429 2204 506 2256 fito
523 2202 651 2257 gladio
673 2200 770 2238 hunc
792 2196 929 2254 iugula
959 2200 1001 2238 L.
1097 2193 1252 2239 efferat;
1283 2205 1435 2245 repone
1446 2191 1587 2247 Iuffisti,
1601 2193 1761 2246 quodin

445 2274 462 2303 1
497 2260 647 2299 Fac‘tum
669 2256 714 2310 est
733 2257 830 2309 quod
850 2253 946 2306 iusti,
970 2253 1048 2293 Dae-
1097 2250 1224 2292 Codd.
1267 2249 1401 2289 nostris
1446 2249 1534 2290 sere
1573 2250 1758 2291 omnibus

383 2322 479 2369 mea]
513 2316 558 2356 Id
585 2315 658 2365 est,
686 2314 809 2353 diruta
839 2311 898 2350 estv
922 2322 1046 2350 mace·
1095 2308 1298 2360 reperitur.
1356 2309 1396 2346 B.

382 2375 450 2414 xia.
513 2376 561 2414 D.
1149 2378 1174 2406 2
1206 2362 1325 2418 Frugi
1344 2362 1452 2401 homo
1476 2365 1526 2417 es]
1556 2361 1684 2416 Vtilis,
1713 2371 1756 2404 vt

442 2428 576 2470 Rursus
587 2425 692 2468 aliud
705 2424 957 2480 praestaturus
966 2434 1047 2463 mu·
1095 2418 1237 2474 fruges.
1281 2419 1442 2471 Aedepol
1459 2419 1564 2460 hodie
1583 2434 1660 2459 mea
1673 2423 1756 2474 qui·

382 2497 460 2527 :nus
483 2486 563 2536 post
581 2487 806 2538 Hegionem
819 2481 939 2529 seruo,
966 2481 1046 2519 vult
1096 2479 1173 2517 dem
1183 2477 1367 2528 Jfintcntia
1395 2477 1518 2515 iudico
1538 2479 1674 2529 Syrum
1687 2475 1754 2527 fie-

383 2545 522 2596 Syrum
535 2543 649 2581 etiam
671 2542 847 2581 liberum.
878 2538 1041 2588 Implen-
1094 2537 1131 2574 ri
1146 2534 1208 2586 eff&
1226 2546 1373 2586 aequom
1392 2533 1564 2588 liberum]
1596 2535 1680 2574 Hoc
1697 2532 1752 2572 est

384 2611 446 2640 tur
459 2598 734 2637 deliberatiuae
746 2607 883 2649 partes.
897 2597 1043 2645 Quam·
1093 2590 1198 2642 quod
1221 2588 1443 2629 iamdudum
1454 2586 1675 2642 promiserat
1686 2591 1749 2642 Sy⁴

385 2656 657 2712 quammeritis
671 2648 1042 2708 pai-tessuas(Nam·
1091 2659 1157 2687 roz
1196 2644 1262 2687 sed
1293 2657 1399 2687 nunc
1434 2655 1666 2701 opportune.
1699 2645 1751 2684 vi-

1639 2701 1754 2744 detur
