1859 3196
688 183 988 264 HEeYRA.

1400 204 1493 254 35¹

267 315 304 362 E
323 313 470 361 medio
491 329 679 379 aequom
699 315 906 363 excedere
939 312 1020 362 est:
1059 311 1285 380 postremo
1310 318 1397 365 iam
1417 338 1500 370 nos

364 389 532 438 fabulae

176 480 196 515 1
211 482 235 530 ς
270 468 445 520 Sumus,
468 467 707 532 Pamphile,
731 471 870 515 Senex
890 477 1019 531 atque
1039 484 1164 514 anus.

263 541 348 590 Sed
382 542 510 590 video
541 536 814 610 Phidippum
843 543 993 606 egredi
1022 560 1104 609 per
1135 555 1334 611 tempus:
1384 565 1500 599 acce-

360 617 529 666 damus.

178 763 487 819 ACTVS
559 765 933 827 QVARTI
1008 767 1308 822 SCENA
1359 725 1456 828 ΠΤ..

283 855 642 897 PH1D1PPVS.
673 858 1337 902 LACHE8.PAMPH1LVS.

265 991 359 1104 T
384 1013 402 1041 1
431 1014 452 1041 n
482 1013 500 1041 1
548 1011 729 1060 quoque
772 997 957 1065 aedepol
1003 996 1098 1081 sem
1140 1000 1501 1065 iratus‚ Philu-‘

488 1087 634 1126 mena,

128 1303 170 1336 vt
185 1290 310 1348 mang
331 1293 503 1333 iuniores
523 1287 725 1340 accusaret,
749 1290 790 1333 ei

126 1352 202 1405 (et)
220 1351 272 1390 de
293 1348 606 1389 adolescentibus
618 1348 797 1401 qt1estus‚.

129 1420 250 1459 quum
268 1404 467 1446 miseratur
487 1404 666 1460 (questus,
697 1419 787 1444 com·

129 1462 367 1514 miseraretur
394 1465 455 1515 Z.)
485 1460 607 1501 senes,
674 1462 787 1500 Odio-

62 1519 63 1522 ’
117 1519 170 1572 fiz
199 1518 286 1558 haec
313 1518 359 1572 ‹ss
384 1524 502 1571 aetas]
534 1519 652 1565 Haec,
698 1531 786 1557 cum

129 1576 282 1631 gemitu
296 1574 637 1627 pronunciandum
650 1572 714 1613 est.
736 1576 787 1614 D.

182 1634 254 1672 Pro
286 1631 435 1685 vulgari
456 1630 632 1677 Abierit,
664 1627 788 1669 versui

128 1687 454 1728 accommodatius
464 1686 596 1728 Bemb.
614 1684 792 1740 legitAb-

127 1748 214 1785 erit.
272 1748 312 1784 B.

189 1811 241 1853 14
270 1800 306 1839 E
325 1800 444 1839 medio
473 1809 626 1853 aequum
653 1798 700 1850 est
727 1811 788 1838 ex·

128 1855 265 1903 cedere]
293 1860 432 1897 Vtrum
452 1866 502 1895 ex
520 1856 612 1895 vrbe
631 1866 715 1894 rus:
736 1867 786 1895 an

129 1927 181 1953 ex
207 1914 284 1952 vita
308 1914 352 1952 in
383 1910 583 1954 mortem?
616 1915 665 1952 Et
701 1910 787 1952 satis

128 1969 337 2010 moraliter.
395 1970 493 2010 Nam
510 1969 550 2007 in
568 1966 701 2007 Medio
710 1969 786 2020 sta-

128 2039 170 2066 re
186 2026 327 2065 dicitur
348 2023 605 2078 superuacuus
619 2025 678 2064 vel
698 2038 785 2064 mo-

127 2081 254 2122 lestus.
311 2085 358 2123 Et
390 2095 476 2121 cum
510 2081 704 2122 stomacho
729 2080 786 2121 di-

128 2145 186 2179 xit
203 2136 326 2178 senili.
385 2139 435 2179 D.

183 2195 286 2235 Cum
317 2193 470 2245 optimis
495 2193 600 2233 libris
624 2194 784 2240 colloca,

129 2247 316 2300 Postremo
359 2263 425 2288 nos
451 2253 525 2289 iam
549 2250 589 2302 f
654 2255 784 2302 Atque

130 2318 203 2357 pro
231 2305 388 2344 Fabulae
424 2307 501 2358 leg.
527 2305 693 2351 Fabula,
733 2307 783 2344 vti

129 2364 306 2402 Donatus
325 2362 476 2400 videtur
494 2358 640 2414 legisse,
658 2372 697 2400 et
715 2362 784 2400 viri

127 2417 230 2457 ᾶοξὶί
247 2417 392 2457 dudum
406 2430 572 2457 monuer
588 2428 657 2457 mr.
689 2420 727 2457 B.

192 2482 241 2526 15
268 2473 388 2512 Senex
405 2485 514 2528 atque
538 2489 559 2514 a
615 2479 645 2519 ς]
675 2476 783 2512 Haec

130 2527 210 2569 duo
231 2531 401 2577 nomina,
428 2529 595 2582 vtpofita
614 2526 706 2578 sunt,
726 2542 783 2568 ca-

130 2598 218 2638 put·
238 2587 413 2626 indicant
448 2599 487 2625 et
512 2587 781 2639 inceptionem

128 2639 347 2693 huiusmodi
388 2640 616 2684 fabularum.
701 2643 782 2682 Iam

130 2711 199 2741 nos
212 2699 372 2753 fabulae
380 2699 520 2751 fimms,
534 2701 652 2742 Senex
668 2713 782 2756 atque

1369 1148 1374 1149 ⁷
1390 1154 1500 1203 Gra·

836 1295 947 1347 anus]
986 1293 1204 1337 pronuncia
1235 1297 1356 1338 Senex
1385 1311 1498 1353 atque

835 1365 953 1401 anus,
994 1353 1098 1403 quafi
1131 1353 1287 1393 initium
1323 1354 1493 1397 fabulae.

836 1410 884 1452 τῷ
928 1411 1103 1454 ὶδιωτισμᾷἷ
1141 1408 1335 1462 additum,
1387 1413 1499 1453 Pam.

830 1461 942 1516 phile.
1000 1467 1051 1503 D.

893 1532 910 1562 1
959 1520 1047 1559 Tibi
1073 1531 1212 1574 quoque
1239 1523 1408 1579 aedepol]
1446 1527 1495 1566 In

837 1572 908 1615 hac
936 1577 1061 1615 Scena
1097 1577 1249 1617 vltimus
1285 1593 1394 1619 error
1422 1581 1493 1631 est,

839 1633 988 1672 vicinus
1021 1636 1226 1686 καταςροφῇ.
1291 1634 1380 1675 Tibi
1410 1651 1497 1690 quo-

836 1702 906 1742 que
930 1688 1080 1740 aedepol
1092 1689 1182 1740 sitm
1208 1693 1344 1744 iratus]
1375 1690 1495 1744 Quasi

835 1745 958 1792 dicat,
988 1744 1078 1785 Non
1107 1743 1232 1786 solum
1251 1749 1363 1788 matri
1392 1761 1496 1800 tuae,

835 1812 900 1841 aut
917 1803 981 1854 (at
1008 1803 1070 1854 L.)
1101 1804 1216 1842 etiam
1247 1804 1369 1843 socrui
1390 1817 1495 1848 tuae.

841 1857 929 1898 Tibi
965 1869 1106 1911 quoque
1149 1858 1313 1915 aedepol]
1356 1864 1494 1904 Refie:

835 1924 926 1953 nam
952 1925 992 1953 et
1022 1916 1165 1954 amicos
1191 1916 1410 1957 incusamus
1440 1921 1495 1959 le—

834 1971 938 2009 niter
958 1971 1215 2024 incipientes,
1247 1985 1286 2012 et
1314 1977 1495 2028 grauiora

834 2026 1065 2068 inferentes.
1122 2029 1238 2068 Hanc
1280 2043 1378 2085 ergo
1409 2046 1494 2084 par-

833 2091 893 2124 ·tus
925 2082 1031 2123 causa
1057 2084 1204 2124 leniter
1230 2086 1395 2127 incusat:
1428 2089 1496 2129 de·

833 2139 929 2178 inde
951 2139 1383 2191 confirmatinferendo,
1398 2144 1494 2184 Gra-

833 2200 931 2234 uz'ter
949 2198 1104 2248 quidem.
1136 2207 1176 2235 et
1202 2197 1323 2237 statim
1344 2198 1493 2241 causam

833 2250 1048 2305 subiungit,
1076 2265 1143 2291 cur
1164 2254 1323 2304 quidem
1347 2256 1385 2294 ei
1407 2252 1493 2296 iras-

833 2318 951 2346 catur.
1008 2310 1055 2348 D.

895 2362 982 2403 Tibi
1022 2364 1179 2417 quoque]
1227 2367 1333 2405 Haec
1366 2370 1493 2409 Scena

835 2420 1012 2458 continet
1060 2418 1373 2471 excusationem,
1423 2436 1493 2465 cur

835 2476 959 2514 nollet
985 2487 1140 2514 vxorern
1166 2476 1332 2527 ducere,
1369 2490 1409 2519 et
1434 2492 1493 2521 re·

832 2541 965 2571 mouet
992 2528 1138 2570 causam
1166 2533 1208 2571 in
1235 2543 1420 2583 matrem,
1451 2548 1492 2579 vt

832 2589 1023 2627 remotiua
1047 2586 1090 2626 iit
1107 2589 1279 2639 qualitas.
1342 2591 1490 2634 lustum

832 2644 887 2683 est
906 2646 1007 2684 enim
1028 2657 1108 2683 non
1126 2644 1334 2697 reducere,
1367 2660 1490 2701 quum

830 2704 964 2742 matris
997 2703 1193 2742 commodis
1213 2702 1348 2753 strui&
1414 2707 1490 2746 Ve-

1402 2775 1490 2803 rum
