<?xml version="1.0" encoding="UTF-8"?>
<!DOCTYPE html PUBLIC "-//W3C//DTD XHTML 1.0 Transitional//EN"
    "http://www.w3.org/TR/xhtml1/DTD/xhtml1-transitional.dtd">
<html xmlns="http://www.w3.org/1999/xhtml" xml:lang="en" lang="en">
 <head>
  <title>
</title>
<meta http-equiv="Content-Type" content="text/html;charset=utf-8" />
  <meta name='ocr-system' content='tesseract 3.04.00' />
  <meta name='ocr-capabilities' content='ocr_page ocr_carea ocr_par ocr_line ocrx_word'/>
</head>
<body>
  <div class='ocr_page' id='page_1' title='image "./comoediaesexexre02tereuoft_0196.png"; bbox 0 0 1875 3292; ppageno 0'>
   <div class='ocr_carea' id='block_1_1' title="bbox 327 154 447 236">
    <p class='ocr_par' dir='ltr' id='par_1_1' title="bbox 327 154 447 236">
     <span class='ocr_line' id='line_1_1' title="bbox 327 154 447 236; baseline 0 -9"><span class='ocrx_word' id='word_1_1' title='bbox 327 154 447 236; x_wconf 70' lang='grc' dir='ltr'>Δ168</span> 
     </span>
    </p>
   </div>
   <div class='ocr_carea' id='block_1_2' title="bbox 757 181 1309 232">
    <p class='ocr_par' dir='ltr' id='par_1_2' title="bbox 757 181 1309 232">
     <span class='ocr_line' id='line_1_2' title="bbox 757 181 1309 232; baseline 0.007 -5"><span class='ocrx_word' id='word_1_2' title='bbox 757 181 918 228; x_wconf 82' lang='lat' dir='ltr'><strong>ACT.</strong></span> <span class='ocrx_word' id='word_1_3' title='bbox 952 183 1007 228; x_wconf 95' lang='lat' dir='ltr'>V.</span> <span class='ocrx_word' id='word_1_4' title='bbox 1044 183 1241 229; x_wconf 90' lang='lat' dir='ltr'><strong>SCEN.</strong></span> <span class='ocrx_word' id='word_1_5' title='bbox 1272 183 1309 232; x_wconf 87' lang='lat'>1.</span> 
     </span>
    </p>
   </div>
   <div class='ocr_carea' id='block_1_3' title="bbox 413 309 1723 680">
    <p class='ocr_par' dir='ltr' id='par_1_3' title="bbox 488 309 1388 373">
     <span class='ocr_line' id='line_1_3' title="bbox 488 309 1388 373; baseline 0.003 -16"><span class='ocrx_word' id='word_1_6' title='bbox 488 314 714 373; x_wconf 79' lang='lat' dir='ltr'><strong>Lauteque</strong></span> <span class='ocrx_word' id='word_1_7' title='bbox 734 327 898 356; x_wconf 82' lang='lat' dir='ltr'>munus</span> <span class='ocrx_word' id='word_1_8' title='bbox 925 309 1224 369; x_wconf 55' lang='lat' dir='ltr'>administrasti</span> <span class='ocrx_word' id='word_1_9' title='bbox 1242 309 1388 360; x_wconf 49' lang='lat' dir='ltr'>tuum}</span> 
     </span>
    </p>

    <p class='ocr_par' dir='ltr' id='par_1_4' title="bbox 489 385 1719 451">
     <span class='ocr_line' id='line_1_4' title="bbox 489 385 1719 451; baseline 0.004 -18"><span class='ocrx_word' id='word_1_10' title='bbox 489 385 601 433; x_wconf 87' lang='lat' dir='ltr'>Abi:</span> <span class='ocrx_word' id='word_1_11' title='bbox 637 386 708 432; x_wconf 82' lang='lat' dir='ltr'>sed</span> <span class='ocrx_word' id='word_1_12' title='bbox 729 385 959 451; x_wconf 82' lang='lat' dir='ltr'>postquam</span> <span class='ocrx_word' id='word_1_13' title='bbox 978 389 1098 434; x_wconf 86' lang='lat' dir='ltr'>intus</span> <span class='ocrx_word' id='word_1_14' title='bbox 1117 387 1209 433; x_wconf 89' lang='lat' dir='ltr'>sum</span> <span class='ocrx_word' id='word_1_15' title='bbox 1221 391 1422 436; x_wconf 86' lang='lat' dir='ltr'>omnium</span> <span class='ocrx_word' id='word_1_16' title='bbox 1434 390 1719 445; x_wconf 85' lang='lat' dir='ltr'>rerumsatur,</span> 
     </span>
    </p>

    <p class='ocr_par' dir='ltr' id='par_1_5' title="bbox 413 458 1723 604">
     <span class='ocr_line' id='line_1_5' title="bbox 485 458 1723 514; baseline 0.005 -6"><span class='ocrx_word' id='word_1_17' title='bbox 485 458 852 510; x_wconf 82' lang='lat' dir='ltr'>Prodeambulare</span> <span class='ocrx_word' id='word_1_18' title='bbox 873 462 960 509; x_wconf 91' lang='lat' dir='ltr'>huc</span> <span class='ocrx_word' id='word_1_19' title='bbox 980 462 1156 510; x_wconf 86' lang='lat' dir='ltr'>libitum</span> <span class='ocrx_word' id='word_1_20' title='bbox 1177 461 1252 512; x_wconf 88' lang='lat' dir='ltr'>est.</span> <span class='ocrx_word' id='word_1_21' title='bbox 1291 462 1386 511; x_wconf 77' lang='lat' dir='ltr'>DE.</span> <span class='ocrx_word' id='word_1_22' title='bbox 1425 465 1537 512; x_wconf 87' lang='lat' dir='ltr'>illud</span> <span class='ocrx_word' id='word_1_23' title='bbox 1557 463 1608 512; x_wconf 81' lang='lat' dir='ltr'>fis</span> <span class='ocrx_word' id='word_1_24' title='bbox 1620 466 1723 514; x_wconf 79' lang='lat' dir='ltr'>vide</span> 
     </span>
     <span class='ocr_line' id='line_1_6' title="bbox 413 532 1722 604; baseline 0.005 -21"><span class='ocrx_word' id='word_1_25' title='bbox 413 532 448 600; x_wconf 69' lang='grc' dir='ltr'>’ς</span> <span class='ocrx_word' id='word_1_26' title='bbox 484 538 750 603; x_wconf 86' lang='lat' dir='ltr'>ermplum</span> <span class='ocrx_word' id='word_1_27' title='bbox 783 537 1042 604; x_wconf 81' lang='lat' dir='ltr'>disciplinae.</span> <span class='ocrx_word' id='word_1_28' title='bbox 1085 535 1165 586; x_wconf 80' lang='lat' dir='ltr'>SY.</span> <span class='ocrx_word' id='word_1_29' title='bbox 1200 556 1300 587; x_wconf 86' lang='lat' dir='ltr'>ecce</span> <span class='ocrx_word' id='word_1_30' title='bbox 1331 550 1477 588; x_wconf 85' lang='lat' dir='ltr'>autem</span> <span class='ocrx_word' id='word_1_31' title='bbox 1508 543 1580 588; x_wconf 92' lang='lat' dir='ltr'>hic</span> <span class='ocrx_word' id='word_1_32' title='bbox 1605 540 1722 590; x_wconf 86' lang='lat' dir='ltr'>adest</span> 
     </span>
    </p>

    <p class='ocr_par' dir='ltr' id='par_1_6' title="bbox 488 610 1723 680">
     <span class='ocr_line' id='line_1_7' title="bbox 488 610 1723 680; baseline 0.005 -20"><span class='ocrx_word' id='word_1_33' title='bbox 488 617 629 660; x_wconf 88' lang='lat' dir='ltr'>Senex</span> <span class='ocrx_word' id='word_1_34' title='bbox 662 613 822 661; x_wconf 85' lang='lat' dir='ltr'><strong>noster.</strong></span> <span class='ocrx_word' id='word_1_35' title='bbox 863 613 969 678; x_wconf 89' lang='lat' dir='ltr'>quid</span> <span class='ocrx_word' id='word_1_36' title='bbox 999 610 1082 667; x_wconf 77' lang='lat' dir='ltr'>fit?</span> <span class='ocrx_word' id='word_1_37' title='bbox 1121 615 1229 680; x_wconf 87' lang='lat' dir='ltr'>quid</span> <span class='ocrx_word' id='word_1_38' title='bbox 1259 626 1309 663; x_wconf 87' lang='lat' dir='ltr'>tu</span> <span class='ocrx_word' id='word_1_39' title='bbox 1346 633 1391 663; x_wconf 88' lang='lat' dir='ltr'>es</span> <span class='ocrx_word' id='word_1_40' title='bbox 1424 615 1584 665; x_wconf 86' lang='lat' dir='ltr'>tristis?</span> <span class='ocrx_word' id='word_1_41' title='bbox 1620 614 1723 667; x_wconf 80' lang='lat' dir='ltr'>DE.</span> 
     </span>
    </p>
   </div>
   <div class='ocr_carea' id='block_1_4' title="bbox 588 688 839 741">
    <p class='ocr_par' dir='ltr' id='par_1_7' title="bbox 588 688 839 741">
     <span class='ocr_line' id='line_1_8' title="bbox 588 688 839 741; baseline 0 -5"><span class='ocrx_word' id='word_1_42' title='bbox 588 688 650 736; x_wconf 87' lang='lat' dir='ltr'>oh</span> <span class='ocrx_word' id='word_1_43' title='bbox 683 690 839 741; x_wconf 80' lang='lat' dir='ltr'><strong>scelus!</strong></span> 
     </span>
    </p>
   </div>
   <div class='ocr_carea' id='block_1_5' title="bbox 487 761 1595 836">
    <p class='ocr_par' dir='ltr' id='par_1_8' title="bbox 487 761 1595 836">
     <span class='ocr_line' id='line_1_9' title="bbox 487 761 1595 836; baseline 0.004 -24"><span class='ocrx_word' id='word_1_44' title='bbox 487 761 519 813; x_wconf 88' lang='lat' dir='ltr'>S</span> <span class='ocrx_word' id='word_1_45' title='bbox 533 779 580 813; x_wconf 81' lang='lat' dir='ltr'>Y.</span> <span class='ocrx_word' id='word_1_46' title='bbox 617 766 736 825; x_wconf 85' lang='lat' dir='ltr'>Ohe,</span> <span class='ocrx_word' id='word_1_47' title='bbox 757 769 844 815; x_wconf 83' lang='lat' dir='ltr'>iam</span> <span class='ocrx_word' id='word_1_48' title='bbox 867 776 914 815; x_wconf 86' lang='lat' dir='ltr'>tu</span> <span class='ocrx_word' id='word_1_49' title='bbox 932 766 1063 816; x_wconf 87' lang='lat' dir='ltr'>verba</span> <span class='ocrx_word' id='word_1_50' title='bbox 1083 767 1231 816; x_wconf 84' lang='lat' dir='ltr'>fundis</span> <span class='ocrx_word' id='word_1_51' title='bbox 1252 767 1338 823; x_wconf 89' lang='lat' dir='ltr'>hic,</span> <span class='ocrx_word' id='word_1_52' title='bbox 1359 767 1595 836; x_wconf 79' lang='lat' dir='ltr'>sapientia?</span> 
     </span>
    </p>
   </div>
   <div class='ocr_carea' id='block_1_6' title="bbox 343 987 1018 2734">
    <p class='ocr_par' dir='ltr' id='par_1_9' title="bbox 352 987 1016 1156">
     <span class='ocr_line' id='line_1_10' title="bbox 353 987 1015 1041; baseline 0.003 -12"><span class='ocrx_word' id='word_1_53' title='bbox 353 989 404 1029; x_wconf 78' lang='lat' dir='ltr'>Et</span> <span class='ocrx_word' id='word_1_54' title='bbox 422 987 608 1041; x_wconf 64' lang='lat' dir='ltr'><em>Syrg&#39;fcum</em></span> <span class='ocrx_word' id='word_1_55' title='bbox 634 987 672 1029; x_wconf 90' lang='lat' dir='ltr'>se</span> <span class='ocrx_word' id='word_1_56' title='bbox 698 990 813 1039; x_wconf 80' lang='lat' dir='ltr'>dicit,</span> <span class='ocrx_word' id='word_1_57' title='bbox 844 1004 926 1031; x_wconf 85' lang='lat' dir='ltr'>non</span> <span class='ocrx_word' id='word_1_58' title='bbox 946 990 1015 1041; x_wconf 85' lang='lat' dir='ltr'>Sy·</span> 
     </span>
     <span class='ocr_line' id='line_1_11' title="bbox 353 1047 1016 1094; baseline 0.003 -10"><span class='ocrx_word' id='word_1_59' title='bbox 353 1057 459 1094; x_wconf 76' lang='lat' dir='ltr'>rum,</span> <span class='ocrx_word' id='word_1_60' title='bbox 495 1048 543 1083; x_wconf 77' lang='grc' dir='ltr'>τιῖῐ</span> <span class='ocrx_word' id='word_1_61' title='bbox 572 1048 819 1094; x_wconf 64' lang='grc' dir='ltr'><strong><em>ὖποκοθίσματι.</em></strong></span> <span class='ocrx_word' id='word_1_62' title='bbox 887 1047 1016 1088; x_wconf 76' lang='lat' dir='ltr'><em>Molli-</em></span> 
     </span>
     <span class='ocr_line' id='line_1_12' title="bbox 352 1101 759 1156; baseline 0.01 -16"><span class='ocrx_word' id='word_1_63' title='bbox 352 1101 432 1156; x_wconf 84' lang='lat' dir='ltr'>ter]</span> <span class='ocrx_word' id='word_1_64' title='bbox 463 1102 653 1143; x_wconf 87' lang='lat' dir='ltr'>Delicate.</span> <span class='ocrx_word' id='word_1_65' title='bbox 709 1105 759 1144; x_wconf 89' lang='lat' dir='ltr'>D.</span> 
     </span>
    </p>

    <p class='ocr_par' dir='ltr' id='par_1_10' title="bbox 343 1158 1015 1438">
     <span class='ocr_line' id='line_1_13' title="bbox 408 1158 1015 1215; baseline 0.005 -17"><span class='ocrx_word' id='word_1_66' title='bbox 408 1158 585 1211; x_wconf 80' lang='lat' dir='ltr'><em>Aedepol,</em></span> <span class='ocrx_word' id='word_1_67' title='bbox 613 1158 772 1212; x_wconf 63' lang='lat' dir='ltr'>Syriftc]</span> <span class='ocrx_word' id='word_1_68' title='bbox 803 1161 1015 1215; x_wconf 82' lang='lat' dir='ltr'><strong>Egreditur</strong></span> 
     </span>
     <span class='ocr_line' id='line_1_14' title="bbox 349 1210 1015 1270; baseline 0.009 -19"><span class='ocrx_word' id='word_1_69' title='bbox 349 1210 486 1253; x_wconf 78' lang='lat' dir='ltr'><strong>semus</strong></span> <span class='ocrx_word' id='word_1_70' title='bbox 498 1216 733 1265; x_wconf 79' lang='lat' dir='ltr'>vinolentus,</span> <span class='ocrx_word' id='word_1_71' title='bbox 752 1217 857 1270; x_wconf 86' lang='lat' dir='ltr'>quod</span> <span class='ocrx_word' id='word_1_72' title='bbox 868 1230 1015 1257; x_wconf 87' lang='lat' dir='ltr'>nomen</span> 
     </span>
     <span class='ocr_line' id='line_1_15' title="bbox 350 1271 1017 1324; baseline 0.009 -16"><span class='ocrx_word' id='word_1_73' title='bbox 350 1271 404 1310; x_wconf 82' lang='lat' dir='ltr'>ita</span> <span class='ocrx_word' id='word_1_74' title='bbox 424 1273 703 1323; x_wconf 85' lang='lat' dir='ltr'>pronunciauit</span> <span class='ocrx_word' id='word_1_75' title='bbox 719 1284 758 1313; x_wconf 90' lang='lat' dir='ltr'>vt</span> <span class='ocrx_word' id='word_1_76' title='bbox 782 1272 924 1324; x_wconf 88' lang='lat' dir='ltr'>ebrius,</span> <span class='ocrx_word' id='word_1_77' title='bbox 952 1273 1017 1314; x_wconf 88' lang='lat' dir='ltr'>de-</span> 
     </span>
     <span class='ocr_line' id='line_1_16' title="bbox 351 1327 1012 1428; baseline 0.011 -64"><span class='ocrx_word' id='word_1_78' title='bbox 351 1327 568 1368; x_wconf 75' lang='lat' dir='ltr'>monstrale</span> <span class='ocrx_word' id='word_1_79' title='bbox 604 1342 696 1369; x_wconf 84' lang='lat' dir='ltr'>curo</span> <span class='ocrx_word' id='word_1_80' title='bbox 726 1330 1012 1428; x_wconf 56' lang='grc' dir='ltr'>(άεηιοηβέαηῐ,</span> 
     </span>
     <span class='ocr_line' id='line_1_17' title="bbox 343 1382 950 1438; baseline 0.011 -16"><span class='ocrx_word' id='word_1_81' title='bbox 343 1382 389 1434; x_wconf 73' lang='lat' dir='ltr'><em>fi</em></span> <span class='ocrx_word' id='word_1_82' title='bbox 410 1382 496 1424; x_wconf 81' lang='lat' dir='ltr'><em>bene</em></span> <span class='ocrx_word' id='word_1_83' title='bbox 515 1384 577 1436; x_wconf 76' lang='lat' dir='ltr'><em>ff</em></span> <span class='ocrx_word' id='word_1_84' title='bbox 597 1399 778 1427; x_wconf 85' lang='lat' dir='ltr'>curatum.</span> <span class='ocrx_word' id='word_1_85' title='bbox 807 1388 950 1438; x_wconf 91' lang='lat' dir='ltr'><strong>Z..E)</strong></span> 
     </span>
    </p>

    <p class='ocr_par' dir='ltr' id='par_1_11' title="bbox 353 1441 1015 1540">
     <span class='ocr_line' id='line_1_18' title="bbox 407 1441 1015 1494; baseline 0.007 -15"><span class='ocrx_word' id='word_1_86' title='bbox 407 1441 578 1494; x_wconf 81' lang='lat' dir='ltr'><em>Aedepol,</em></span> <span class='ocrx_word' id='word_1_87' title='bbox 599 1441 756 1494; x_wconf 59' lang='grc' dir='ltr'><strong>ὣνμε]</strong></span> <span class='ocrx_word' id='word_1_88' title='bbox 787 1441 899 1484; x_wconf 80' lang='lat' dir='ltr'><strong>Prisc.</strong></span> <span class='ocrx_word' id='word_1_89' title='bbox 929 1443 1015 1484; x_wconf 85' lang='lat' dir='ltr'>libr.</span> 
     </span>
     <span class='ocr_line' id='line_1_19' title="bbox 353 1502 740 1540; baseline 0.013 -4"><span class='ocrx_word' id='word_1_90' title='bbox 353 1502 740 1540; x_wconf 64' lang='lat' dir='ltr'>x111.etxx111L</span> 
     </span>
    </p>

    <p class='ocr_par' dir='ltr' id='par_1_12' title="bbox 344 1555 1016 1819">
     <span class='ocr_line' id='line_1_20' title="bbox 410 1555 1016 1608; baseline 0.003 -14"><span class='ocrx_word' id='word_1_91' title='bbox 410 1567 435 1594; x_wconf 87' lang='lat'>2</span> <span class='ocrx_word' id='word_1_92' title='bbox 479 1555 668 1608; x_wconf 83' lang='lat' dir='ltr'><em>lauteque</em></span> <span class='ocrx_word' id='word_1_93' title='bbox 698 1569 832 1597; x_wconf 79' lang='lat' dir='ltr'><em>munus</em></span> <span class='ocrx_word' id='word_1_94' title='bbox 859 1557 1016 1597; x_wconf 85' lang='lat' dir='ltr'>admini</span> 
     </span>
     <span class='ocr_line' id='line_1_21' title="bbox 344 1607 1015 1665; baseline 0.004 -17"><span class='ocrx_word' id='word_1_95' title='bbox 344 1607 473 1660; x_wconf 79' lang='lat' dir='ltr'><em>strasti</em></span> <span class='ocrx_word' id='word_1_96' title='bbox 491 1613 616 1665; x_wconf 82' lang='lat' dir='ltr'><em>tuum]</em></span> <span class='ocrx_word' id='word_1_97' title='bbox 653 1613 897 1664; x_wconf 72' lang='lat' dir='ltr'>thuicquid</span> <span class='ocrx_word' id='word_1_98' title='bbox 920 1611 1015 1651; x_wconf 80' lang='lat' dir='ltr'>effer</span> 
     </span>
     <span class='ocr_line' id='line_1_22' title="bbox 354 1665 1014 1721; baseline 0.008 -19"><span class='ocrx_word' id='word_1_99' title='bbox 354 1665 820 1718; x_wconf 72' lang='lat' dir='ltr'>bellissimum,ca1peres:</span> <span class='ocrx_word' id='word_1_100' title='bbox 846 1667 1014 1721; x_wconf 79' lang='lat' dir='ltr'>cyathos-</span> 
     </span>
     <span class='ocr_line' id='line_1_23' title="bbox 353 1719 1015 1771; baseline 0.008 -12"><span class='ocrx_word' id='word_1_101' title='bbox 353 1734 432 1771; x_wconf 84' lang='lat' dir='ltr'>que</span> <span class='ocrx_word' id='word_1_102' title='bbox 470 1719 696 1763; x_wconf 74' lang='lat' dir='ltr'>suibillaies.</span> <span class='ocrx_word' id='word_1_103' title='bbox 771 1726 852 1764; x_wconf 83' lang='lat' dir='ltr'>Aut</span> <span class='ocrx_word' id='word_1_104' title='bbox 884 1737 1015 1764; x_wconf 85' lang='lat' dir='ltr'><em>munus</em></span> 
     </span>
     <span class='ocr_line' id='line_1_24' title="bbox 353 1775 937 1826; baseline 0.005 -11"><span class='ocrx_word' id='word_1_105' title='bbox 353 1775 503 1826; x_wconf 78' lang='lat' dir='ltr'>seruile,</span> <span class='ocrx_word' id='word_1_106' title='bbox 527 1776 606 1818; x_wconf 80' lang='lat' dir='ltr'><strong>esse</strong></span> <span class='ocrx_word' id='word_1_107' title='bbox 626 1790 663 1819; x_wconf 84' lang='lat' dir='ltr'>et</span> <span class='ocrx_word' id='word_1_108' title='bbox 680 1779 830 1819; x_wconf 82' lang='lat' dir='ltr'><strong>b1bere.</strong></span> <span class='ocrx_word' id='word_1_109' title='bbox 886 1781 937 1819; x_wconf 91' lang='lat' dir='ltr'>D.</span> 
     </span>
    </p>

    <p class='ocr_par' dir='ltr' id='par_1_13' title="bbox 351 1833 1018 2158">
     <span class='ocr_line' id='line_1_25' title="bbox 410 1833 1014 1888; baseline 0.002 -15"><span class='ocrx_word' id='word_1_110' title='bbox 410 1847 434 1888; x_wconf 84' lang='lat'>3</span> <span class='ocrx_word' id='word_1_111' title='bbox 469 1833 558 1882; x_wconf 70' lang='grc' dir='ltr'>Λὸι]</span> <span class='ocrx_word' id='word_1_112' title='bbox 591 1836 764 1875; x_wconf 85' lang='lat' dir='ltr'>Verbum</span> <span class='ocrx_word' id='word_1_113' title='bbox 784 1836 844 1875; x_wconf 82' lang='lat' dir='ltr'>vel</span> <span class='ocrx_word' id='word_1_114' title='bbox 865 1834 934 1874; x_wconf 79' lang='lat' dir='ltr'>fibi</span> <span class='ocrx_word' id='word_1_115' title='bbox 952 1836 1014 1875; x_wconf 80' lang='lat' dir='ltr'>vel</span> 
     </span>
     <span class='ocr_line' id='line_1_26' title="bbox 352 1890 1018 1931; baseline 0.003 -3"><span class='ocrx_word' id='word_1_116' title='bbox 352 1890 464 1929; x_wconf 76' lang='lat' dir='ltr'>alteri</span> <span class='ocrx_word' id='word_1_117' title='bbox 493 1904 582 1931; x_wconf 82' lang='lat' dir='ltr'>cum</span> <span class='ocrx_word' id='word_1_118' title='bbox 616 1892 839 1931; x_wconf 78' lang='lat' dir='ltr'>laudatione</span> <span class='ocrx_word' id='word_1_119' title='bbox 865 1890 1018 1930; x_wconf 80' lang='lat' dir='ltr'>blandi-</span> 
     </span>
     <span class='ocr_line' id='line_1_27' title="bbox 351 1947 1015 2000; baseline 0.005 -15"><span class='ocrx_word' id='word_1_120' title='bbox 351 1948 468 1986; x_wconf 80' lang='lat' dir='ltr'>entis.</span> <span class='ocrx_word' id='word_1_121' title='bbox 506 1950 605 1989; x_wconf 81' lang='lat' dir='ltr'>Nam</span> <span class='ocrx_word' id='word_1_122' title='bbox 624 1947 673 1986; x_wconf 76' lang='lat' dir='ltr'>{ic</span> <span class='ocrx_word' id='word_1_123' title='bbox 692 1948 839 1994; x_wconf 86' lang='lat' dir='ltr'>dicunt,</span> <span class='ocrx_word' id='word_1_124' title='bbox 859 1949 926 2000; x_wconf 90' lang='lat' dir='ltr'>qui</span> <span class='ocrx_word' id='word_1_125' title='bbox 939 1949 1015 1988; x_wconf 79' lang='lat' dir='ltr'>iam</span> 
     </span>
     <span class='ocr_line' id='line_1_28' title="bbox 351 2001 1017 2055; baseline 0.005 -15"><span class='ocrx_word' id='word_1_126' title='bbox 351 2014 555 2055; x_wconf 78' lang='lat' dir='ltr'>compotes</span> <span class='ocrx_word' id='word_1_127' title='bbox 585 2001 672 2043; x_wconf 85' lang='lat' dir='ltr'>sunt</span> <span class='ocrx_word' id='word_1_128' title='bbox 695 2016 872 2044; x_wconf 82' lang='lat' dir='ltr'>votorum</span> <span class='ocrx_word' id='word_1_129' title='bbox 892 2005 1017 2044; x_wconf 83' lang='lat' dir='ltr'>omni-</span> 
     </span>
     <span class='ocr_line' id='line_1_29' title="bbox 352 2059 1016 2114; baseline 0.005 -17"><span class='ocrx_word' id='word_1_130' title='bbox 352 2071 419 2098; x_wconf 84' lang='lat' dir='ltr'>um</span> <span class='ocrx_word' id='word_1_131' title='bbox 434 2091 443 2109; x_wconf 85' lang='lat'>‚</span> <span class='ocrx_word' id='word_1_132' title='bbox 470 2059 712 2114; x_wconf 67' lang='lat' dir='ltr'>perseffique</span> <span class='ocrx_word' id='word_1_133' title='bbox 735 2061 777 2101; x_wconf 88' lang='lat' dir='ltr'>in</span> <span class='ocrx_word' id='word_1_134' title='bbox 800 2060 914 2102; x_wconf 78' lang='lat' dir='ltr'><strong>rebus</strong></span> <span class='ocrx_word' id='word_1_135' title='bbox 934 2061 1016 2102; x_wconf 85' lang='lat' dir='ltr'>vni·</span> 
     </span>
     <span class='ocr_line' id='line_1_30' title="bbox 351 2115 588 2158; baseline 0.013 -5"><span class='ocrx_word' id='word_1_136' title='bbox 351 2115 482 2156; x_wconf 77' lang='lat' dir='ltr'>ueriis.</span> <span class='ocrx_word' id='word_1_137' title='bbox 539 2120 588 2158; x_wconf 90' lang='lat' dir='ltr'>D.</span> 
     </span>
    </p>

    <p class='ocr_par' dir='ltr' id='par_1_14' title="bbox 352 2173 1016 2272">
     <span class='ocr_line' id='line_1_31' title="bbox 408 2173 1016 2229; baseline 0.005 -18"><span class='ocrx_word' id='word_1_138' title='bbox 408 2173 585 2213; x_wconf 87' lang='lat' dir='ltr'><em>Omnium</em></span> <span class='ocrx_word' id='word_1_139' title='bbox 617 2187 742 2214; x_wconf 82' lang='lat' dir='ltr'><em>rerum</em></span> <span class='ocrx_word' id='word_1_140' title='bbox 765 2174 893 2229; x_wconf 65' lang='grc' dir='ltr'>[ἔπιεν]</span> <span class='ocrx_word' id='word_1_141' title='bbox 932 2176 1016 2217; x_wconf 87' lang='lat' dir='ltr'><strong>Ple-</strong></span> 
     </span>
     <span class='ocr_line' id='line_1_32' title="bbox 352 2231 883 2272; baseline 0 -2"><span class='ocrx_word' id='word_1_142' title='bbox 352 2241 424 2270; x_wconf 86' lang='lat' dir='ltr'>nus</span> <span class='ocrx_word' id='word_1_143' title='bbox 445 2231 622 2269; x_wconf 85' lang='lat' dir='ltr'>omnium</span> <span class='ocrx_word' id='word_1_144' title='bbox 641 2244 781 2271; x_wconf 82' lang='lat' dir='ltr'><strong>rerum.</strong></span> <span class='ocrx_word' id='word_1_145' title='bbox 840 2236 883 2272; x_wconf 89' lang='lat' dir='ltr'>E.</span> 
     </span>
    </p>

    <p class='ocr_par' dir='ltr' id='par_1_15' title="bbox 351 2285 1017 2734">
     <span class='ocr_line' id='line_1_33' title="bbox 407 2285 1014 2338; baseline 0.003 -14"><span class='ocrx_word' id='word_1_146' title='bbox 407 2298 435 2338; x_wconf 88' lang='lat'>4</span> <span class='ocrx_word' id='word_1_147' title='bbox 462 2285 793 2334; x_wconf 82' lang='lat' dir='ltr'><em>Prodeambulare]</em></span> <span class='ocrx_word' id='word_1_148' title='bbox 822 2292 924 2330; x_wconf 87' lang='lat' dir='ltr'>Nota</span> <span class='ocrx_word' id='word_1_149' title='bbox 947 2286 1014 2326; x_wconf 87' lang='lat' dir='ltr'>du·</span> 
     </span>
     <span class='ocr_line' id='line_1_34' title="bbox 352 2343 1015 2394; baseline 0.005 -15"><span class='ocrx_word' id='word_1_150' title='bbox 352 2353 391 2379; x_wconf 76' lang='lat' dir='ltr'>as</span> <span class='ocrx_word' id='word_1_151' title='bbox 419 2343 726 2394; x_wconf 65' lang='lat' dir='ltr'>praepositiones</span> <span class='ocrx_word' id='word_1_152' title='bbox 754 2345 821 2384; x_wconf 81' lang='lat' dir='ltr'>vni</span> <span class='ocrx_word' id='word_1_153' title='bbox 856 2343 1015 2384; x_wconf 72' lang='lat' dir='ltr'>diffioni</span> 
     </span>
     <span class='ocr_line' id='line_1_35' title="bbox 352 2397 1014 2453; baseline 0.008 -19"><span class='ocrx_word' id='word_1_154' title='bbox 352 2397 559 2445; x_wconf 60' lang='lat' dir='ltr'>adiuuem,</span> <span class='ocrx_word' id='word_1_155' title='bbox 573 2402 626 2439; x_wconf 92' lang='lat' dir='ltr'>Vt</span> <span class='ocrx_word' id='word_1_156' title='bbox 636 2402 797 2452; x_wconf 75' lang='lat' dir='ltr'><strong>(Georg.</strong></span> <span class='ocrx_word' id='word_1_157' title='bbox 810 2414 874 2450; x_wconf 75' lang='lat'><em>111,</em></span> <span class='ocrx_word' id='word_1_158' title='bbox 887 2401 1014 2453; x_wconf 56' lang='lat'>256),</span> 
     </span>
     <span class='ocr_line' id='line_1_36' title="bbox 351 2453 1016 2508; baseline 0.012 -17"><span class='ocrx_word' id='word_1_159' title='bbox 351 2453 681 2508; x_wconf 66' lang='lat' dir='ltr'>1‘.»A‹·pr0snl›igit</span> <span class='ocrx_word' id='word_1_160' title='bbox 709 2471 863 2498; x_wconf 82' lang='lat' dir='ltr'>terram.</span> <span class='ocrx_word' id='word_1_161' title='bbox 895 2467 935 2496; x_wconf 86' lang='lat' dir='ltr'>et</span> <span class='ocrx_word' id='word_1_162' title='bbox 954 2461 1016 2499; x_wconf 79' lang='grc' dir='ltr'>ἁμ-</span> 
     </span>
     <span class='ocr_line' id='line_1_37' title="bbox 352 2512 1017 2566; baseline 0.003 -16"><span class='ocrx_word' id='word_1_163' title='bbox 352 2514 584 2554; x_wconf 42' lang='lat' dir='ltr'>qam-manvia„</span> <span class='ocrx_word' id='word_1_164' title='bbox 598 2514 729 2561; x_wconf 70' lang='lat' dir='ltr'>(Iliad.</span> <span class='ocrx_word' id='word_1_165' title='bbox 751 2512 794 2562; x_wconf 71' lang='grc' dir='ltr'>β’,</span> <span class='ocrx_word' id='word_1_166' title='bbox 817 2514 939 2566; x_wconf 54' lang='grc'>3052).</span> <span class='ocrx_word' id='word_1_167' title='bbox 969 2515 1017 2552; x_wconf 86' lang='lat' dir='ltr'>Et</span> 
     </span>
     <span class='ocr_line' id='line_1_38' title="bbox 353 2568 1016 2620; baseline 0.012 -18"><span class='ocrx_word' id='word_1_168' title='bbox 353 2568 502 2616; x_wconf 67' lang='lat' dir='ltr'>optime</span> <span class='ocrx_word' id='word_1_169' title='bbox 530 2568 575 2605; x_wconf 73' lang='lat' dir='ltr'>ad</span> <span class='ocrx_word' id='word_1_170' title='bbox 609 2569 765 2608; x_wconf 64' lang='lat' dir='ltr'>delicias</span> <span class='ocrx_word' id='word_1_171' title='bbox 795 2571 1016 2620; x_wconf 78' lang='lat' dir='ltr'>exprimen-</span> 
     </span>
     <span class='ocr_line' id='line_1_39' title="bbox 353 2621 1014 2665; baseline 0.011 -7"><span class='ocrx_word' id='word_1_172' title='bbox 353 2622 419 2659; x_wconf 70' lang='lat' dir='ltr'>dar-</span> <span class='ocrx_word' id='word_1_173' title='bbox 434 2621 504 2661; x_wconf 77' lang='lat' dir='ltr'>hoc</span> <span class='ocrx_word' id='word_1_174' title='bbox 519 2624 677 2663; x_wconf 68' lang='lat' dir='ltr'>verbum</span> <span class='ocrx_word' id='word_1_175' title='bbox 690 2627 883 2664; x_wconf 80' lang='lat' dir='ltr'>conuenit.</span> <span class='ocrx_word' id='word_1_176' title='bbox 916 2628 1014 2665; x_wconf 81' lang='lat' dir='ltr'>Nam</span> 
     </span>
     <span class='ocr_line' id='line_1_40' title="bbox 351 2678 1015 2734; baseline 0.008 -16"><span class='ocrx_word' id='word_1_177' title='bbox 351 2679 565 2730; x_wconf 74' lang='lat' dir='ltr'><strong>procedere</strong></span> <span class='ocrx_word' id='word_1_178' title='bbox 590 2678 752 2734; x_wconf 76' lang='lat' dir='ltr'>segnem</span> <span class='ocrx_word' id='word_1_179' title='bbox 769 2680 1015 2725; x_wconf 73' lang='lat' dir='ltr'>Deambulare</span> 
     </span>
    </p>
   </div>
   <div class='ocr_carea' id='block_1_7' title="bbox 1619 848 1726 893">
    <p class='ocr_par' dir='ltr' id='par_1_16' title="bbox 1619 848 1726 893">
     <span class='ocr_line' id='line_1_41' title="bbox 1619 848 1726 893; baseline 0 0"><span class='ocrx_word' id='word_1_180' title='bbox 1619 848 1726 893; x_wconf 71' lang='lat' dir='ltr'>Dt·</span> 
     </span>
    </p>
   </div>
   <div class='ocr_carea' id='block_1_8' title="bbox 1062 991 1799 1049">
    <p class='ocr_par' dir='ltr' id='par_1_17' title="bbox 1062 991 1799 1049">
     <span class='ocr_line' id='line_1_42' title="bbox 1062 991 1799 1049; baseline 0.001 -17"><span class='ocrx_word' id='word_1_181' title='bbox 1062 991 1408 1045; x_wconf 78' lang='lat' dir='ltr'><em>(Prodeambulare)</em></span> <span class='ocrx_word' id='word_1_182' title='bbox 1417 991 1613 1047; x_wconf 83' lang='lat' dir='ltr'>fignificat.</span> <span class='ocrx_word' id='word_1_183' title='bbox 1623 994 1737 1049; x_wconf 27' lang='lat' dir='ltr'>Nam·</span> <span class='ocrx_word' id='word_1_184' title='bbox 1797 1040 1799 1042; x_wconf 23' lang='lat'>¹</span> 
     </span>
    </p>
   </div>
   <div class='ocr_carea' id='block_1_9' title="bbox 1056 1048 1752 2780">
    <p class='ocr_par' dir='ltr' id='par_1_18' title="bbox 1064 1048 1724 1101">
     <span class='ocr_line' id='line_1_43' title="bbox 1064 1048 1724 1101; baseline 0 -14"><span class='ocrx_word' id='word_1_185' title='bbox 1064 1048 1296 1089; x_wconf 80' lang='lat' dir='ltr'><em>deambulare</em></span> <span class='ocrx_word' id='word_1_186' title='bbox 1320 1050 1436 1090; x_wconf 86' lang='lat' dir='ltr'>etiam</span> <span class='ocrx_word' id='word_1_187' title='bbox 1463 1051 1567 1089; x_wconf 84' lang='lat' dir='ltr'>intus</span> <span class='ocrx_word' id='word_1_188' title='bbox 1585 1049 1724 1101; x_wconf 89' lang='lat' dir='ltr'>potuit.</span> 
     </span>
    </p>

    <p class='ocr_par' dir='ltr' id='par_1_19' title="bbox 1056 1136 1727 1314">
     <span class='ocr_line' id='line_1_44' title="bbox 1103 1136 1727 1215; baseline 0.002 -15.025"><span class='ocrx_word' id='word_1_189' title='bbox 1103 1136 1229 1214; x_wconf 83' lang='lat' dir='ltr'>Lege</span> <span class='ocrx_word' id='word_1_190' title='bbox 1254 1172 1291 1202; x_wconf 87' lang='lat' dir='ltr'>et</span> <span class='ocrx_word' id='word_1_191' title='bbox 1322 1160 1604 1215; x_wconf 80' lang='lat' dir='ltr'>subdistingue,</span> <span class='ocrx_word' id='word_1_192' title='bbox 1634 1160 1727 1201; x_wconf 84' lang='lat' dir='ltr'><em>Illuc</em></span> 
     </span>
     <span class='ocr_line' id='line_1_45' title="bbox 1056 1215 1727 1274; baseline -0.002 -16"><span class='ocrx_word' id='word_1_193' title='bbox 1056 1215 1111 1269; x_wconf 61' lang='lat' dir='ltr'>fik</span> <span class='ocrx_word' id='word_1_194' title='bbox 1148 1218 1256 1260; x_wconf 46' lang='lat' dir='ltr'>vida</span> <span class='ocrx_word' id='word_1_195' title='bbox 1299 1218 1522 1274; x_wconf 84' lang='lat' dir='ltr'><em>Exemplum</em></span> <span class='ocrx_word' id='word_1_196' title='bbox 1563 1217 1727 1272; x_wconf 81' lang='lat' dir='ltr'>discipli.</span> 
     </span>
     <span class='ocr_line' id='line_1_46' title="bbox 1065 1276 1245 1314; baseline -0.006 0"><span class='ocrx_word' id='word_1_197' title='bbox 1065 1287 1146 1314; x_wconf 81' lang='lat' dir='ltr'>nae.</span> <span class='ocrx_word' id='word_1_198' title='bbox 1201 1276 1245 1313; x_wconf 79' lang='lat' dir='ltr'>B.</span> 
     </span>
    </p>

    <p class='ocr_par' dir='ltr' id='par_1_20' title="bbox 1064 1328 1752 1668">
     <span class='ocr_line' id='line_1_47' title="bbox 1122 1328 1752 1385; baseline 0.002 -17"><span class='ocrx_word' id='word_1_199' title='bbox 1122 1341 1147 1381; x_wconf 87' lang='lat'>5</span> <span class='ocrx_word' id='word_1_200' title='bbox 1190 1328 1407 1384; x_wconf 81' lang='lat' dir='ltr'><em>Exemplum</em></span> <span class='ocrx_word' id='word_1_201' title='bbox 1458 1331 1668 1384; x_wconf 78' lang='lat' dir='ltr'>dtfiiplinae</span> <span class='ocrx_word' id='word_1_202' title='bbox 1685 1330 1725 1385; x_wconf 85' lang='lat'>!]</span> <span class='ocrx_word' id='word_1_203' title='bbox 1748 1372 1752 1376; x_wconf 52' lang='grc'>,</span> 
     </span>
     <span class='ocr_line' id='line_1_48' title="bbox 1067 1387 1727 1439; baseline 0 -14"><span class='ocrx_word' id='word_1_204' title='bbox 1067 1387 1171 1437; x_wconf 84' lang='lat' dir='ltr'><strong>Quia</strong></span> <span class='ocrx_word' id='word_1_205' title='bbox 1198 1400 1293 1426; x_wconf 87' lang='lat' dir='ltr'>vnus</span> <span class='ocrx_word' id='word_1_206' title='bbox 1322 1401 1371 1427; x_wconf 83' lang='lat' dir='ltr'>ex</span> <span class='ocrx_word' id='word_1_207' title='bbox 1399 1389 1528 1427; x_wconf 82' lang='lat' dir='ltr'>multis</span> <span class='ocrx_word' id='word_1_208' title='bbox 1555 1388 1727 1439; x_wconf 84' lang='lat' dir='ltr'>reliquis.</span> 
     </span>
     <span class='ocr_line' id='line_1_49' title="bbox 1064 1441 1728 1496; baseline -0.005 -11"><span class='ocrx_word' id='word_1_209' title='bbox 1064 1449 1131 1485; x_wconf 85' lang='lat' dir='ltr'>An</span> <span class='ocrx_word' id='word_1_210' title='bbox 1154 1444 1245 1494; x_wconf 88' lang='lat' dir='ltr'>quia</span> <span class='ocrx_word' id='word_1_211' title='bbox 1267 1441 1404 1493; x_wconf 87' lang='lat' dir='ltr'>senior,</span> <span class='ocrx_word' id='word_1_212' title='bbox 1423 1454 1600 1496; x_wconf 83' lang='lat' dir='ltr'>etnuper</span> <span class='ocrx_word' id='word_1_213' title='bbox 1612 1445 1728 1483; x_wconf 88' lang='lat' dir='ltr'>etiam</span> 
     </span>
     <span class='ocr_line' id='line_1_50' title="bbox 1066 1499 1728 1555; baseline -0.002 -16"><span class='ocrx_word' id='word_1_214' title='bbox 1066 1499 1330 1554; x_wconf 83' lang='lat' dir='ltr'>paedagogus,</span> <span class='ocrx_word' id='word_1_215' title='bbox 1358 1511 1396 1540; x_wconf 90' lang='lat' dir='ltr'>vt</span> <span class='ocrx_word' id='word_1_216' title='bbox 1415 1499 1496 1552; x_wconf 86' lang='lat' dir='ltr'>ipse</span> <span class='ocrx_word' id='word_1_217' title='bbox 1514 1502 1578 1548; x_wconf 88' lang='lat' dir='ltr'>ait,</span> <span class='ocrx_word' id='word_1_218' title='bbox 1606 1500 1728 1555; x_wconf 74' lang='lat' dir='ltr'>Qem</span> 
     </span>
     <span class='ocr_line' id='line_1_51' title="bbox 1065 1557 1729 1611; baseline 0.003 -16"><span class='ocrx_word' id='word_1_219' title='bbox 1065 1571 1129 1611; x_wconf 83' lang='lat' dir='ltr'>ego</span> <span class='ocrx_word' id='word_1_220' title='bbox 1153 1569 1309 1608; x_wconf 85' lang='lat' dir='ltr'><em>puerum</em></span> <span class='ocrx_word' id='word_1_221' title='bbox 1336 1557 1526 1597; x_wconf 81' lang='lat' dir='ltr'>tantillum</span> <span class='ocrx_word' id='word_1_222' title='bbox 1554 1559 1595 1597; x_wconf 85' lang='lat' dir='ltr'>in</span> <span class='ocrx_word' id='word_1_223' title='bbox 1614 1559 1729 1597; x_wconf 86' lang='lat' dir='ltr'><em>mani-</em></span> 
     </span>
     <span class='ocr_line' id='line_1_52' title="bbox 1064 1612 1503 1668; baseline 0.002 -17"><span class='ocrx_word' id='word_1_224' title='bbox 1064 1612 1130 1653; x_wconf 86' lang='lat' dir='ltr'>bus</span> <span class='ocrx_word' id='word_1_225' title='bbox 1146 1613 1288 1668; x_wconf 80' lang='lat' dir='ltr'><em>gestaui</em></span> <span class='ocrx_word' id='word_1_226' title='bbox 1303 1617 1401 1653; x_wconf 83' lang='lat' dir='ltr'>meis.</span> <span class='ocrx_word' id='word_1_227' title='bbox 1454 1617 1503 1654; x_wconf 88' lang='lat' dir='ltr'>D.</span> 
     </span>
    </p>

    <p class='ocr_par' dir='ltr' id='par_1_21' title="bbox 1056 1668 1728 2171">
     <span class='ocr_line' id='line_1_53' title="bbox 1119 1668 1728 1722; baseline 0.003 -15"><span class='ocrx_word' id='word_1_228' title='bbox 1119 1671 1144 1710; x_wconf 90' lang='lat'><strong>6</strong></span> <span class='ocrx_word' id='word_1_229' title='bbox 1173 1669 1281 1720; x_wconf 77' lang='lat' dir='ltr'>Quid</span> <span class='ocrx_word' id='word_1_230' title='bbox 1301 1668 1375 1720; x_wconf 81' lang='lat' dir='ltr'>fit?</span> <span class='ocrx_word' id='word_1_231' title='bbox 1404 1671 1498 1722; x_wconf 82' lang='lat' dir='ltr'>quid</span> <span class='ocrx_word' id='word_1_232' title='bbox 1520 1680 1562 1710; x_wconf 86' lang='lat' dir='ltr'>tu</span> <span class='ocrx_word' id='word_1_233' title='bbox 1591 1684 1627 1709; x_wconf 84' lang='lat' dir='ltr'>es</span> <span class='ocrx_word' id='word_1_234' title='bbox 1654 1672 1728 1710; x_wconf 83' lang='lat' dir='ltr'>tri-</span> 
     </span>
     <span class='ocr_line' id='line_1_54' title="bbox 1056 1722 1726 1778; baseline 0.004 -17"><span class='ocrx_word' id='word_1_235' title='bbox 1056 1723 1183 1778; x_wconf 79' lang='lat' dir='ltr'>stis?]</span> <span class='ocrx_word' id='word_1_236' title='bbox 1224 1726 1325 1765; x_wconf 87' lang='lat' dir='ltr'>Mire</span> <span class='ocrx_word' id='word_1_237' title='bbox 1350 1722 1595 1765; x_wconf 84' lang='lat' dir='ltr'>securitatem</span> <span class='ocrx_word' id='word_1_238' title='bbox 1625 1725 1726 1765; x_wconf 85' lang='lat' dir='ltr'>ebrii</span> 
     </span>
     <span class='ocr_line' id='line_1_55' title="bbox 1065 1780 1726 1834; baseline 0.005 -16"><span class='ocrx_word' id='word_1_239' title='bbox 1065 1780 1128 1819; x_wconf 84' lang='lat' dir='ltr'>hic</span> <span class='ocrx_word' id='word_1_240' title='bbox 1159 1781 1354 1832; x_wconf 76' lang='lat' dir='ltr'>expreffit.</span> <span class='ocrx_word' id='word_1_241' title='bbox 1396 1781 1588 1834; x_wconf 87' lang='lat' dir='ltr'>numquid</span> <span class='ocrx_word' id='word_1_242' title='bbox 1615 1783 1726 1821; x_wconf 78' lang='lat' dir='ltr'>enim</span> 
     </span>
     <span class='ocr_line' id='line_1_56' title="bbox 1066 1835 1726 1888; baseline 0.003 -12"><span class='ocrx_word' id='word_1_243' title='bbox 1066 1835 1297 1887; x_wconf 76' lang='lat' dir='ltr'>pertimescit</span> <span class='ocrx_word' id='word_1_244' title='bbox 1322 1838 1590 1877; x_wconf 79' lang='lat' dir='ltr'>interuemum</span> <span class='ocrx_word' id='word_1_245' title='bbox 1613 1836 1726 1888; x_wconf 84' lang='lat' dir='ltr'>senis,</span> 
     </span>
     <span class='ocr_line' id='line_1_57' title="bbox 1065 1891 1728 1947; baseline 0.005 -16"><span class='ocrx_word' id='word_1_246' title='bbox 1065 1903 1106 1931; x_wconf 93' lang='lat' dir='ltr'>vt</span> <span class='ocrx_word' id='word_1_247' title='bbox 1139 1891 1305 1940; x_wconf 83' lang='lat' dir='ltr'>solebat,</span> <span class='ocrx_word' id='word_1_248' title='bbox 1346 1895 1487 1946; x_wconf 78' lang='lat' dir='ltr'>Syrus?</span> <span class='ocrx_word' id='word_1_249' title='bbox 1528 1906 1593 1933; x_wconf 88' lang='lat' dir='ltr'>aut</span> <span class='ocrx_word' id='word_1_250' title='bbox 1623 1895 1728 1947; x_wconf 90' lang='lat' dir='ltr'>quic-</span> 
     </span>
     <span class='ocr_line' id='line_1_58' title="bbox 1066 1949 1727 2001; baseline 0.003 -13"><span class='ocrx_word' id='word_1_251' title='bbox 1066 1963 1180 2001; x_wconf 80' lang='lat' dir='ltr'>quam</span> <span class='ocrx_word' id='word_1_252' title='bbox 1200 1957 1429 2001; x_wconf 80' lang='lat' dir='ltr'>praecauet?</span> <span class='ocrx_word' id='word_1_253' title='bbox 1451 1949 1727 1991; x_wconf 77' lang='lat' dir='ltr'>Subblanditur</span> 
     </span>
     <span class='ocr_line' id='line_1_59' title="bbox 1065 2006 1724 2055; baseline 0.006 -11"><span class='ocrx_word' id='word_1_254' title='bbox 1065 2016 1224 2054; x_wconf 85' lang='lat' dir='ltr'>tantum,</span> <span class='ocrx_word' id='word_1_255' title='bbox 1245 2017 1286 2045; x_wconf 90' lang='lat' dir='ltr'>et</span> <span class='ocrx_word' id='word_1_256' title='bbox 1304 2007 1355 2045; x_wconf 85' lang='lat' dir='ltr'>ita</span> <span class='ocrx_word' id='word_1_257' title='bbox 1365 2020 1494 2046; x_wconf 81' lang='lat' dir='ltr'>rerum</span> <span class='ocrx_word' id='word_1_258' title='bbox 1506 2006 1647 2047; x_wconf 85' lang='lat' dir='ltr'>oblitus</span> <span class='ocrx_word' id='word_1_259' title='bbox 1657 2007 1724 2055; x_wconf 84' lang='lat' dir='ltr'>est,</span> 
     </span>
     <span class='ocr_line' id='line_1_60' title="bbox 1065 2060 1728 2113; baseline 0.003 -12"><span class='ocrx_word' id='word_1_260' title='bbox 1065 2072 1104 2101; x_wconf 92' lang='lat' dir='ltr'>vt</span> <span class='ocrx_word' id='word_1_261' title='bbox 1123 2075 1243 2113; x_wconf 86' lang='lat' dir='ltr'>quum</span> <span class='ocrx_word' id='word_1_262' title='bbox 1257 2075 1345 2101; x_wconf 88' lang='lat' dir='ltr'>eum</span> <span class='ocrx_word' id='word_1_263' title='bbox 1357 2060 1513 2103; x_wconf 74' lang='lat' dir='ltr'>saeuum</span> <span class='ocrx_word' id='word_1_264' title='bbox 1535 2062 1728 2112; x_wconf 82' lang='lat' dir='ltr'>sciat,cau-</span> 
     </span>
     <span class='ocr_line' id='line_1_61' title="bbox 1065 2116 1726 2171; baseline 0.003 -13"><span class='ocrx_word' id='word_1_265' title='bbox 1065 2116 1142 2158; x_wconf 86' lang='lat' dir='ltr'>sam</span> <span class='ocrx_word' id='word_1_266' title='bbox 1167 2118 1338 2158; x_wconf 82' lang='lat' dir='ltr'>tristitiae</span> <span class='ocrx_word' id='word_1_267' title='bbox 1357 2121 1438 2158; x_wconf 84' lang='lat' dir='ltr'>eius</span> <span class='ocrx_word' id='word_1_268' title='bbox 1459 2120 1638 2171; x_wconf 81' lang='lat' dir='ltr'>inquirat.</span> <span class='ocrx_word' id='word_1_269' title='bbox 1675 2122 1726 2161; x_wconf 92' lang='lat' dir='ltr'>D.</span> 
     </span>
    </p>

    <p class='ocr_par' dir='ltr' id='par_1_22' title="bbox 1063 2174 1731 2737">
     <span class='ocr_line' id='line_1_62' title="bbox 1121 2174 1729 2230; baseline 0.002 -15"><span class='ocrx_word' id='word_1_270' title='bbox 1121 2185 1148 2226; x_wconf 91' lang='lat'>7</span> <span class='ocrx_word' id='word_1_271' title='bbox 1176 2176 1231 2215; x_wconf 85' lang='lat' dir='ltr'>Tu</span> <span class='ocrx_word' id='word_1_272' title='bbox 1251 2174 1361 2214; x_wconf 85' lang='lat' dir='ltr'><em>verba</em></span> <span class='ocrx_word' id='word_1_273' title='bbox 1377 2176 1516 2227; x_wconf 84' lang='lat' dir='ltr'><em>fundis</em></span> <span class='ocrx_word' id='word_1_274' title='bbox 1546 2176 1604 2215; x_wconf 77' lang='lat' dir='ltr'>hic</span> <span class='ocrx_word' id='word_1_275' title='bbox 1620 2176 1729 2230; x_wconf 78' lang='lat' dir='ltr'>st1pi·</span> 
     </span>
     <span class='ocr_line' id='line_1_63' title="bbox 1063 2231 1727 2296; baseline 0.003 -28"><span class='ocrx_word' id='word_1_276' title='bbox 1063 2233 1180 2282; x_wconf 82' lang='lat' dir='ltr'>entia]</span> <span class='ocrx_word' id='word_1_277' title='bbox 1212 2234 1348 2271; x_wconf 78' lang='lat' dir='ltr'>Vtrum</span> <span class='ocrx_word' id='word_1_278' title='bbox 1368 2231 1561 2296; x_wconf 57' lang='lat' dir='ltr'>filpt&#39;enfia</span> <span class='ocrx_word' id='word_1_279' title='bbox 1583 2231 1727 2272; x_wconf 79' lang='lat' dir='ltr'><em>verba?</em></span> 
     </span>
     <span class='ocr_line' id='line_1_64' title="bbox 1063 2286 1731 2340; baseline 0.001 -13"><span class='ocrx_word' id='word_1_280' title='bbox 1063 2300 1114 2327; x_wconf 86' lang='lat' dir='ltr'>an</span> <span class='ocrx_word' id='word_1_281' title='bbox 1143 2300 1183 2327; x_wconf 84' lang='lat' dir='ltr'><em>m</em></span> <span class='ocrx_word' id='word_1_282' title='bbox 1226 2289 1410 2340; x_wconf 73' lang='lat' dir='ltr'>apientia?</span> <span class='ocrx_word' id='word_1_283' title='bbox 1440 2290 1530 2340; x_wconf 84' lang='lat' dir='ltr'>quia</span> <span class='ocrx_word' id='word_1_284' title='bbox 1550 2289 1647 2328; x_wconf 86' lang='lat' dir='ltr'>dixit</span> <span class='ocrx_word' id='word_1_285' title='bbox 1672 2286 1731 2328; x_wconf 88' lang='lat' dir='ltr'>su-</span> 
     </span>
     <span class='ocr_line' id='line_1_65' title="bbox 1064 2344 1728 2398; baseline 0.002 -16"><span class='ocrx_word' id='word_1_286' title='bbox 1064 2357 1144 2395; x_wconf 82' lang='lat' dir='ltr'>pra,</span> <span class='ocrx_word' id='word_1_287' title='bbox 1171 2344 1229 2383; x_wconf 90' lang='lat' dir='ltr'>Tu</span> <span class='ocrx_word' id='word_1_288' title='bbox 1248 2357 1406 2397; x_wconf 81' lang='lat' dir='ltr'>quantus</span> <span class='ocrx_word' id='word_1_289' title='bbox 1426 2358 1585 2398; x_wconf 85' lang='lat' dir='ltr'>quantus</span> <span class='ocrx_word' id='word_1_290' title='bbox 1604 2360 1652 2394; x_wconf 85' lang='lat' dir='ltr'>es,</span> <span class='ocrx_word' id='word_1_291' title='bbox 1671 2347 1728 2384; x_wconf 81' lang='lat' dir='ltr'>ni·</span> 
     </span>
     <span class='ocr_line' id='line_1_66' title="bbox 1068 2399 1726 2456; baseline 0.005 -18"><span class='ocrx_word' id='word_1_292' title='bbox 1068 2399 1123 2438; x_wconf 79' lang='lat' dir='ltr'>hil</span> <span class='ocrx_word' id='word_1_293' title='bbox 1146 2399 1224 2449; x_wconf 78' lang='lat' dir='ltr'>nis</span> <span class='ocrx_word' id='word_1_294' title='bbox 1235 2400 1427 2453; x_wconf 78' lang='lat' dir='ltr'>sbpientia</span> <span class='ocrx_word' id='word_1_295' title='bbox 1462 2416 1508 2440; x_wconf 85' lang='lat' dir='ltr'>es.</span> <span class='ocrx_word' id='word_1_296' title='bbox 1565 2400 1726 2456; x_wconf 84' lang='lat' dir='ltr'><em>Fundis]</em></span> 
     </span>
     <span class='ocr_line' id='line_1_67' title="bbox 1065 2455 1729 2510; baseline 0 -14"><span class='ocrx_word' id='word_1_297' title='bbox 1065 2459 1217 2505; x_wconf 84' lang='lat' dir='ltr'>Vtrum,</span> <span class='ocrx_word' id='word_1_298' title='bbox 1235 2455 1316 2496; x_wconf 81' lang='lat' dir='ltr'>fine</span> <span class='ocrx_word' id='word_1_299' title='bbox 1337 2455 1729 2510; x_wconf 81' lang='lat' dir='ltr'>v111ceffat1onepro</span> 
     </span>
     <span class='ocr_line' id='line_1_68' title="bbox 1064 2510 1726 2558; baseline 0.003 -7"><span class='ocrx_word' id='word_1_300' title='bbox 1064 2510 1176 2555; x_wconf 60' lang='lat' dir='ltr'><strong>fers?</strong></span> <span class='ocrx_word' id='word_1_301' title='bbox 1211 2516 1277 2554; x_wconf 82' lang='lat' dir='ltr'>An</span> <span class='ocrx_word' id='word_1_302' title='bbox 1313 2513 1470 2558; x_wconf 82' lang='lat' dir='ltr'>Perdis?</span> <span class='ocrx_word' id='word_1_303' title='bbox 1514 2511 1726 2554; x_wconf 84' lang='lat' dir='ltr'>secundum</span> 
     </span>
     <span class='ocr_line' id='line_1_69' title="bbox 1066 2568 1727 2623; baseline 0.003 -17"><span class='ocrx_word' id='word_1_304' title='bbox 1066 2568 1184 2616; x_wconf 62' lang='lat' dir='ltr'>illud,</span> <span class='ocrx_word' id='word_1_305' title='bbox 1224 2568 1309 2608; x_wconf 76' lang='lat' dir='ltr'>Na».</span> <span class='ocrx_word' id='word_1_306' title='bbox 1307 2584 1327 2608; x_wconf 67' lang='grc' dir='ltr'>»ε</span> <span class='ocrx_word' id='word_1_307' title='bbox 1353 2572 1446 2623; x_wconf 84' lang='lat' dir='ltr'>quid</span> <span class='ocrx_word' id='word_1_308' title='bbox 1475 2583 1515 2610; x_wconf 85' lang='lat' dir='ltr'>tu</span> <span class='ocrx_word' id='word_1_309' title='bbox 1541 2570 1599 2610; x_wconf 84' lang='lat' dir='ltr'>hic</span> <span class='ocrx_word' id='word_1_310' title='bbox 1624 2583 1727 2623; x_wconf 78' lang='lat' dir='ltr'><em>agas,</em></span> 
     </span>
     <span class='ocr_line' id='line_1_70' title="bbox 1065 2623 1727 2681; baseline 0.006 -19"><span class='ocrx_word' id='word_1_311' title='bbox 1065 2623 1128 2663; x_wconf 81' lang='lat' dir='ltr'>vbi</span> <span class='ocrx_word' id='word_1_312' title='bbox 1142 2623 1288 2678; x_wconf 74' lang='lat' dir='ltr'>siquid</span> <span class='ocrx_word' id='word_1_313' title='bbox 1304 2625 1393 2665; x_wconf 83' lang='lat' dir='ltr'>boni</span> <span class='ocrx_word' id='word_1_314' title='bbox 1407 2628 1639 2681; x_wconf 80' lang='lat' dir='ltr'>praecipias,</span> <span class='ocrx_word' id='word_1_315' title='bbox 1670 2640 1727 2666; x_wconf 86' lang='lat' dir='ltr'>ne-</span> 
     </span>
     <span class='ocr_line' id='line_1_71' title="bbox 1064 2679 1505 2737; baseline 0.002 -16"><span class='ocrx_word' id='word_1_316' title='bbox 1064 2695 1122 2722; x_wconf 76' lang='lat' dir='ltr'>mo</span> <span class='ocrx_word' id='word_1_317' title='bbox 1146 2679 1400 2737; x_wconf 76' lang='lat' dir='ltr'>obtemperat?</span> <span class='ocrx_word' id='word_1_318' title='bbox 1456 2685 1505 2726; x_wconf 92' lang='lat' dir='ltr'>D.</span> 
     </span>
    </p>

    <p class='ocr_par' dir='ltr' id='par_1_23' title="bbox 1658 2739 1725 2780">
     <span class='ocr_line' id='line_1_72' title="bbox 1658 2739 1725 2780; baseline -0.015 0"><span class='ocrx_word' id='word_1_319' title='bbox 1658 2739 1725 2780; x_wconf 87' lang='lat' dir='ltr'>Di·</span> 
     </span>
    </p>
   </div>
  </div>
 </body>
</html>
