1875 3244
0 3059 28 3244 ΕΒΖ-ψ
23 3004 26 3052 -μ,
23 2984 25 2993 -
21 2863 25 2963 ,-,.-

66 917 67 921 =
103 902 218 929 men:

555 177 636 223 IN
673 175 1045 224 HECYRAM.

1379 192 1473 240 225

238 300 341 416 H
356 324 378 353 ε
401 322 425 352 c
448 322 477 351 Y
501 322 576 358 RA
619 304 679 352 est
699 305 803 354 huic
823 321 989 354 nomen
1011 302 1205 356 fabulae3
1243 302 1349 353 haec
1370 322 1473 355 cum

480 382 576 429 data
599 381 660 429 est

104 603 228 647 fenfio
258 614 486 658 comparata.
520 615 626 644 nunc
647 600 767 644 verba

104 665 324 705 tranemus.
381 663 574 701 Graecum
616 661 764 700 nomen

104 722 270 771 Hecyra,
304 719 440 758 Latine
459 716 595 763 Socrus
616 717 778 755 dicitur.

104 775 300 828 Apposuit
333 776 449 827 igitur
478 773 528 813 ad
561 771 765 812 faciendos

104 834 254 872 dociles
271 832 477 879 auditores,
505 829 672 882 primum
689 842 764 867 no-

261 888 408 927 deinde
436 887 618 939 proponit
645 898 762 937 quae·

104 946 399 992 stionemscum
421 941 535 982 dic‘it:
564 941 668 982 Haec
688 955 767 980 cum

106 1005 195 1042 dam
217 1001 263 1054 est
281 1013 388 1047 noua,
407 1012 543 1038 nouum
564 1000 771 1037 interuenit

105 1061 243 1097 vitium
275 1071 310 1096 e..
341 1056 553 1101 calamitas,
587 1067 632 1094 vt
651 1067 766 1108 neque

88 1115 262 1166 ,speclari
288 1126 403 1166 neque
432 1109 604 1167 cognosti
638 1123 767 1164 potue-

107 1173 174 1213 rit
233 1173 279 1208 In
309 1182 385 1220 quo
412 1168 586 1207 defensio
614 1166 670 1206 est
689 1181 768 1206 ma·

109 1241 198 1282 gna
220 1239 304 1264 cum
323 1237 426 1264 nunc
446 1221 540 1263 dicit
558 1221 765 1276 speciatam

107 1295 147 1323 et
177 1282 376 1336 cognitam
411 1280 628 1331 repudiat-e
683 1283 765 1320 De-

105 1338 203 1379 inde
222 1336 414 1377 conclusio
427 1334 600 1375 eiusdem
611 1334 763 1376 causae:

107 1398 175 1437 Im
197 1395 321 1447 fludto
347 1392 501 1448 populus
521 1392 695 1444 stupidus
725 1395 765 1430 in

93 1450 326 1506 funambulo
361 1454 524 1489 animum
553 1458 765 1500 occuparat.

104 1522 201 1549 nunc
232 1508 316 1547 haec
337 1507 450 1558 plane
481 1504 528 1557 est
551 1516 621 1558 pra
656 1518 765 1544 noua.

103 1569 264 1615 Ει·εζοι
238 1563 264 1602 fi
293 1573 409 1603 antea
432 1563 583 1602 nullum
610 1561 768 1600 initium

103 1620 221 1660 huius
249 1618 430 1673 agendae
449 1616 542 1664 fuit,
581 1627 766 1669 tanquam

104 1677 227 1718 redit:
256 1689 291 1714 et
321 1673 380 1713 hic
410 1677 476 1727 qui
493 1672 646 1738 scripsit
673 1672 767 1712 banc

106 1733 150 1773 ob
170 1745 248 1772 eam
264 1745 340 1771 rem
357 1732 481 1770 noluit
499 1732 632 1768 iterum
651 1729 768 1781 refer-

106 1805 168 1839 re,
211 1801 255 1827 vt
285 1790 420 1828 iterum
448 1784 562 1840 poffit
597 1786 764 1828 vendere.

105 1848 167 1888 Ne
185 1843 441 1892 obiiceretur,
470 1856 536 1881 cur
554 1855 639 1881 non
658 1855 765 1894 repe-

107 1904 175 1942 tita
211 1902 308 1940 affio
349 1899 400 1939 est
444 1898 527 1950 post
562 1897 768 1939 funambu-

108 1959 211 2004 lum3
251 1955 276 1994 fi
308 1964 470 2007 propter
493 1954 768 1995 funambulum

110 2014 256 2053 videtur
282 2008 454 2058 exclusa,
490 2011 639 2050 adiessa
659 2010 765 2053 causa

109 2069 184 2118 est,
215 2069 397 2119 quoniam
418 2068 628 2107 Terentius
652 2067 767 2108 refer-

108 2139 152 2166 re
181 2137 269 2164 eam
298 2123 443 2173 noluit,
477 2134 516 2164 vt
543 2124 654 2176 poffit
678 2136 767 2164 eam

110 2182 299 2223 vendere.
354 2181 398 2222 E.

170 2249 189 2280 1
222 2237 369 2287 Hecyra
383 2233 431 2289 est
450 2232 535 2276 huic
554 2249 684 2277 nomen
704 2235 769 2290 fiz-

109 2290 234 2347 balae]
266 2298 302 2334 A
322 2294 486 2332 nomine
505 2294 644 2345 coepit,
665 2295 771 2332 vtin—

109 2351 306 2404 cognitam
318 2348 510 2401 probaret,
532 2360 572 2388 et
582 2349 672 2390 ideo
684 2347 768 2402 spe-

109 2405 299 2447 &andam
362 2407 512 2455 Hecyra
531 2405 577 2458 est
597 2406 682 2445 huic
705 2420 768 2445 no-

109 2476 191 2503 men
199 2458 375 2515 fabulae]
407 2463 660 2502 Nominatiuo
681 2459 767 2502 casu

109 2519 314 2573 figurauit:
348 2530 467 2568 quum
486 2519 527 2557 in
551 2516 615 2558 vsu
638 2518 700 2565 fit,
731 2529 769 2558 vt

111 2576 243 2616 datiuo
265 2575 446 2613 dicamus.
474 2576 648 2625 quamuis
660 2588 768 2628 prae-

111 2631 167 2670 sto
191 2630 264 2670 lint
283 2630 474 2682 exe-mpla,
501 2629 641 2682 quibus
663 2644 768 2672 vete-

115 2701 175 2727 res
189 2701 275 2739 &per
296 2700 433 2726 omnes
460 2685 545 2728 fere
571 2684 673 2729 casus
694 2686 769 2729 hoc

167 2743 250 2784 Ter.
262 2745 302 2786 C.
322 2744 365 2784 P.
381 2742 433 2784 ΙΙ.

1327 460 1379 504 N
1381 474 1479 513 oua,

815 612 942 656 genus
971 599 1176 641 locutionis
1202 601 1478 644 enunciabanr.

815 660 962 711 Hecyra
991 657 1038 709 est
1055 658 1140 697 huic
1160 659 1476 720 nomenfizbulae]
1528 680 1533 684 ¹

814 719 923 756 Haec
948 716 1074 767 piimo
1100 714 1189 754 data
1216 715 1271 754 est
1292 715 1372 755 line
1391 721 1479 756 Plo-

814 773 919 824 logo,
934 771 1031 810 ludis
1044 771 1354 823 Megalensibus:
1378 786 1477 824 quos

814 830 902 868 Sex
924 828 1057 874 lulius,
1080 839 1121 865 et
1116 803 1346 867 t'Cornelius
1360 831 1480 870 Dola-

814 884 919 924 bella
939 883 1168 932 edida-‚unt
1198 882 1265 923 sed
1288 897 1479 937 occupato

815 928 963 993 populo
982 926 1109 979 studio
1129 940 1374 990 funambuli,
1407 941 1481 981 dis-

815 998 964 1049 plicuit.
1020 996 1153 1036 Postea
1184 996 1268 1036 data
1296 997 1350 1036 est
1378 999 1482 1039 ludis

814 1051 1058 1093 Funebribus
1088 1055 1129 1095 L.
1154 1053 1319 1101 ,Aemilii
1349 1056 1482 1100 Pauli:

817 1122 916 1162 quos
934 1108 1115 1149 feceruut
1135 1110 1185 1159 Q.
1206 1109 1342 1149 Fabius
1355 1112 1481 1151 Maxi-

815 1177 921 1213 mus,
954 1176 995 1205 et
1020 1166 1229 1207 Cornelius
1259 1165 1480 1208 Africanus.

816 1225 932 1263 Tune
953 1235 1113 1275 quoque
1137 1235 1219 1260 non
1240 1223 1392 1274 pei-aeia
1411 1224 1478 1277 est,

815 1291 888 1331 per
914 1277 1080 1318 studium
1107 1279 1239 1330 populi
1267 1280 1367 1318 circa
1395 1282 1480 1334 gla-
1538 1302 1541 1303 ν

816 1335 995 1374 diatores.
1053 1339 1089 1375 's
1091 1336 1190 1373 ertio
1237 1335 1284 1373 ad
1332 1338 1481 1387 polire-

816 1405 926 1430 mum
946 1390 1178 1437 introduffia,
1202 1393 1250 1442 Q.
1271 1393 1423 1440 Fuluio,
1436 1399 1477 1436 L.

815 1448 958 1490 Martio
981 1446 1191 1486 aedilibus:
1219 1448 1363 1487 virtute
1380 1452 1482 1489 aiio-

805 1517 904 1553 vrum
921 1506 960 1543 L.
982 1503 1173 1550 Ambiuii,
1191 1513 1230 1542 et
1246 1507 1285 1545 L.
1306 1506 1481 1557 Turpio-

817 1561 877 1599 nis
906 1559 960 1598 est
992 1559 1276 1598 commendata.
1333 1561 1481 1614 Hecyra

816 1615 865 1666 est
889 1615 971 1654 huic
999 1629 1129 1659 nomen
1144 1616 1324 1670 fabulae]
1352 1621 1480 1658 Totus

816 1671 881 1710 hic
903 1672 1088 1724 Prologus
1107 1669 1287 1711 subtilem
1307 1686 1481 1726 conque-

815 1726 982 1767 stionem
1009 1728 1206 1777 continet,
1238 1727 1289 1768 ob
1314 1730 1389 1769 hoc
1409 1730 1482 1783 (ad

784 1782 907 1836 ''hoc)
942 1796 993 1823 ne
1026 1796 1161 1837 aperte
1192 1786 1380 1837 populum
1411 1801 1479 1826 ne-

817 1841 968 1895 gleflae
986 1843 1083 1890 <non
1101 1841 1221 1881 lec'tae.
1251 1841 1367 1881 Liber
1386 1854 1483 1883 vter-

818 1900 916 1949 que)
946 1896 1103 1937 sabulae
1127 1911 1238 1937 reum
1264 1897 1394 1948 saciat,
1439 1910 1481 1940 et

818 1953 933 1993 facile
985 1966 1143 1994 reuocet
1194 1955 1237 1992 in
1285 1953 1473 1995 fauorem.

815 2012 921 2050 Haec
946 2024 1056 2064 quum
1086 2013 1177 2052 data
1205 2009 1251 2061 2.st
1277 2012 1391 2066 noua]
1422 2015 1478 2052 lta

816 2068 972 2114 dicitur,
1002 2068 1108 2107 Data
1129 2067 1177 2119 est
1184 2066 1333 2118 sabula,
1360 2079 1400 2107 vt
1416 2069 1481 2108 da-

817 2138 856 2164 za
884 2124 931 2178 est
951 2137 1063 2163 coena
1076 2153 1085 2170 ,
1113 2125 1240 2163 dutum
1261 2123 1307 2174 cst
1322 2126 1480 2174 prandi·

816 2193 890 2220 um.
948 2184 996 2220 Et
1014 2179 1128 2219 edidit
1147 2194 1168 2218 a
1193 2180 1280 2220 dato
1299 2180 1433 2233 (Edita
1453 2193 1477 2221 a

817 2236 945 2287 Data)
966 2235 1178 2277 descendit.
1236 2238 1335 2283 Haec
1362 2250 1479 2290 quum

818 2293 906 2332 data
925 2292 972 2342 est
989 2307 1098 2341 noua,
1121 2305 1256 2331 nouum
1274 2292 1478 2335 interuenit

815 2350 970 2402 vitium]
1001 2350 1063 2390 Sic
1095 2360 1135 2388 et
1165 2351 1361 2388 Homerus
1379 2351 1478 2403 (Od.

817 2405 867 2451 ω’,
890 2407 992 2458 40.)‚
1030 2410 1126 2445 Κεῖτο
1163 2411 1271 2451 μέγας
1304 2414 1479 2453 μεγαλωςὶ

817 2469 1012 2506 λελασμένος
1034 2467 1247 2500 ἱπποσυνάων.
1304 2464 1356 2504 Et
1371 2461 1476 2504 Dari

818 2517 956 2557 dicitur
979 2517 1137 2570 fizlmla,
1176 2529 1294 2569 quum
1329 2521 1480 2572 agitur:

819 2573 936 2620 Stare.
957 2588 1074 2626 quum
1088 2575 1225 2626 placet.
1254 2574 1356 2614 Haec
1370 2589 1480 2628 quum

818 2632 906 2670 data
924 2632 970 2682 est
989 2644 1099 2680 noua,
1121 2643 1258 2670 nouum
1275 2633 1480 2672 interuenit

818 2688 972 2742 vitium]
1009 2687 1171 2734 zv'hknssac
1200 2688 1342 2740 primm
1374 2688 1480 2728 deest

953 2747 982 2785 P
1356 2746 1477 2791 enim,
