1827 3180
583 199 931 248 PHORMIO.

1309 217 1399 263 5¹3

173 329 284 382 AN.
320 327 442 384 Quid
485 328 519 374 is
554 326 686 373 fecit?
726 323 838 373 GE.
877 324 1118 374 confutauit
1153 327 1297 378 verbis
1325 333 1400 380 ad-

185 451 188 456 ,
270 404 455 451 modum
483 404 640 447 iratum
661 411 842 467 patrem.

171 476 279 529 ΑΝ.
320 482 402 532 Ευ,
423 477 647 524 Phormio.
684 473 793 523 GE.
830 492 913 537 ego
945 477 1065 540 quod
1090 481 1218 544 potui
1244 496 1402 546 porro.

273 553 321 602 A
337 567 390 600 N.
428 555 490 599 mi
517 553 642 605 Geta,
664 553 806 598 omnis
831 569 908 599 vos
931 569 1046 600 amo.

71 646 140 694 ἐς
172 624 283 678 GE.
335 631 403 676 Sic
436 627 599 674 habent
627 627 842 692 principia
870 626 974 681 sese,
1016 640 1063 676 vt
1090 629 1210 678 dico:
1259 633 1402 684 adhuc

274 703 504 766 tranquilla
525 718 593 748 res
616 700 698 752 cst;
746 755 748 759 .

175 779 490 842 Mansurusque
510 787 715 842 patruum
734 786 858 841 pater
881 775 953 831 est,
991 777 1097 825 dum
1117 780 1209 829 huc
1225 783 1400 833 adueni-

275 865 330 900 at.
361 851 404 899 A
417 866 467 899 Ν.
501 851 606 915 quid
629 854 761 898 eum?
803 849 906 899 GE.
948 864 994 900 vt
1015 854 1168 912 aiebat,

178 933 250 977 De
284 930 376 975 eius
407 925 584 976 consilio
618 926 698 996 sese
731 927 841 975 velle
870 927 1033 983 facere,
1071 931 1192 994 quod
1214 933 1268 981 ad
1289 935 1404 985 hanc

276 1020 370 1051 rem
390 1005 554 1050 attinet.

179 1077 278 1126 AN.
319 1082 520 1134 Quantus
540 1087 682 1124 metus
701 1075 762 1132 est
782 1078 913 1132 mihi,
951 1081 1099 1128 venire
1121 1080 1208 1130 huc
1239 1083 1410 1135 saluom

275 1170 392 1200 nunc
415 1166 634 1218 patruum,
650 1151 787 1201 Geta!
1175 1158 1196 1167 ”

179 1231 299 1276 Nam
314 1244 393 1294 per
407 1231 497 1274 eius
511 1244 653 1281 vnam.
676 1239 723 1275 vt
734 1228 877 1282 audio,
891 1239 964 1276 aut
973 1231 1130 1285 viuam,
1143 1242 1217 1279 aut
1226 1237 1404 1290 moriar,

278 1303 546 1350 sententiam.

102 1448 208 1499 Lege
228 1445 277 1484 Vt
302 1439 395 1486 aliis.
451 1447 546 1485 Nam
571 1447 612 1485 In
638 1445 702 1486 ab·

47 1504 102 1543 est
129 1504 169 1542 in
197 1500 330 1543 Bemb.
356 1513 397 1541 et
421 1515 444 1541 a
460 1500 568 1542 versu
588 1515 702 1555 repu-

43 1560 181 1600 diatur.
240 1561 278 1598 Β.

107 1626 154 1666 13
187 1613 412 1664 Confumuit
431 1612 570 1666 verbis]
598 1613 701 1654 Con·

47 1670 159 1709 uicit:
188 1679 226 1706 vt
249 1669 274 1707 ii
294 1669 459 1716 diceret,
489 1671 700 1721 quutauit.

47 1723 112 1766 fed
131 1724 324 1776 Refuratio
341 1726 382 1763 in
402 1738 483 1764 rem
502 1726 574 1764 est:
607 1725 701 1765 Con·

34 1781 183 1836 sumno
203 1782 241 1819 in
261 1778 476 1832 personam.
531 1782 580 1821 D.

104 1837 329 1888 Confusam}
357 1838 493 1876 verbis.
530 1859 586 1867 -—-
621 1834 701 1890 Ego

77 1893 151 1930 uod
175 1892 300 1944 potui]
338 1894 490 1932 Bonum
523 1890 702 1929 ordinem

47 1905 182 1988 {emus
207 1947 353 1991 tenuit.
379 1958 417 1985 vt
436 1947 559 1997 primo
581 1946 703 1985 domi-

50 2016 156 2050 num,
172 2000 314 2041 deinde
332 2000 622 2050 Phormionem,
654 2002 703 2040 {ic

52 2055 92 2098 se
119 2056 365 2118 supponeret.
390 2057 438 2096 ad
457 2056 702 2103 nan-andum,

53 2126 153 2165 quae
180 2114 250 2151 lint
283 2112 459 2164 praestita
484 2109 703 2153 adolescen-

55 2171 96 2209 ti.
155 2169 195 2207 Ε.

107 2227 181 2264 Pto
210 2222 354 2274 vulgari
380 2221 527 2262 Patrem
554 2222 705 2261 Bembi-

55 2291 128 2319 nus
161 2277 275 2317 habet
301 2279 450 2318 Smems
485 2277 588 2328 quod
614 2291 705 2316 con—

54 2333 248 2375 suetudini
267 2336 291 2372 'l
305 2334 444 2371 ereutii
472 2334 596 2385 magis
616 2345 705 2372 con-

51 2390 177 2431 uenit.
232 2389 274 2428 B.

112 2513 132 2543 1
203 2498 284 2553 Ego
315 2500 413 2552 qnod
435 2501 546 2552 pomi
566 2498 704 2554 porro]

54 2558 120 2599 De
155 2570 176 2594 e
195 2554 440 2595 mediocriter
461 2568 528 2606 per
549 2552 700 2604 ἷλλιιψιν,

56 2611 248 2653 moraliter
271 2608 366 2650 satis.
421 2612 503 2666 Ego
528 2613 627 2663 quod
641 2624 704 2662 ρο-

53 2671 115 2712 tui
133 2666 268 2719 porro]
299 2666 464 2716 Ordine,
492 2667 616 2719 primo
634 2667 703 2710 do-

110 2723 191 2764 Ter.
203 2723 242 2764 C.
262 2722 305 2762 P.
321 2721 371 2764 ΙΙ.

1339 1329 1405 1362 20

750 1448 916 1498 minum,
942 1447 1026 1500 post
1047 1449 1332 1504 Phormionem,
1354 1455 1406 1495 vl-

751 1504 888 1542 timum
912 1501 948 1544 se
968 1502 1102 1556 posuit.
1159 1509 1208 1547 D.

810 1571 856 1612 15
889 1562 959 1599 Hic
988 1558 1110 1600 versus
1137 1574 1176 1601 et
1208 1561 1283 1615 seq.
1318 1562 1407 1606 sunt

751 1616 932 1654 trochaici
964 1618 1168 1657 tetrametri
1192 1621 1410 1661 acataleffi-

751 1672 797 1709 ci.
853 1682 1052 1713 FAERN.

810 1729 860 1769 16
884 1729 935 1766 Vt
951 1726 1150 1765 ἀνακὸλυὸον
1171 1730 1408 1782 tollatur‚re·

747 1778 870 1820 scribe
888 1782 935 1820 Id
958 1782 1070 1822 aibat.
1128 1787 1170 1825 B.
1395 1783 1409 1824 ᾗ

808 1848 859 1888 17
869 1840 925 1877 Ex
938 1839 1037 1880 Cod.
1051 1843 1144 1893 Reg.
1158 1851 1291 1882 etcum
1302 1844 1412 1889 Edd.v

750 1902 841 1932 vett.
861 1894 952 1946 lege
971 1897 1143 1934 numeris
1163 1898 1406 1950 melioribus,

753 1947 847 1986 Ve‘lle
857 1948 935 2001 Jz'rse'
944 1949 1093 2000 fricere.
1150 1953 1188 1991 Β.

810 2011 854 2053 18
884 2005 967 2044 Huc
984 2005 1132 2056 fizluom
1159 2021 1252 2046 nunc
1273 2019 1407 2059 patru-

750 2061 974 2114 um,.Geta]
1012 2064 1100 2101 Non
1130 2073 1237 2114 optat
1263 2061 1409 2106 saluum

752 2126 929 2166 patruum
980 2119 1112 2155 venire
1132 2145 1140 2163 ,
1191 2117 1406 2160 secundum

752 2170 1058 2220 Apollodorum:
1089 2184 1126 2210 ct
1147 2173 1253 2223 (fid)
1279 2175 1405 2214 osten-

752 2224 807 2263 dit
826 2239 905 2263 non
918 2239 1137 2278 congruere
1155 2225 1311 2267 salutem
1324 2234 1407 2273 eiu·

753 2292 839 2318 cum
862 2282 1068 2320 commodo
1099 2281 1173 2321 suo.
1231 2290 1292 2324 An
1315 2301 1408 2326 vero

753 2335 863 2381 dicit,
899 2337 1042 2375 malum
1073 2340 1155 2388 (An
1185 2340 1296 2387 dtcie,
1329 2357 1406 2382 uon

753 2388 902 2440 mabam)
932 2388 1008 2430 effe
1043 2404 1082 2430 et
1115 2395 1407 2438 incommodum

752 2443 839 2483 fibi:
863 2443 925 2484 sed
940 2457 1083 2486 tantum
1102 2452 1232 2502 magni
1252 2455 1406 2494 terroris

753 2501 915 2553 plenum
937 2501 1146 2543 aduentum
1172 2509 1323 2556 patrui?
1353 2514 1404 2552 D.

807 2558 877 2595 Pro
905 2557 1034 2596 Bemb.
1053 2560 1250 2614 Quantum
1279 2565 1406 2604 retine

753 2624 991 2652 caeterorum
1011 2614 1135 2654 (Iodd.
1145 2616 1326 2670 Quantus.
1360 2624 1402 2663 Β.

810 2679 860 2721 19
862 2669 950 2767 gri>
964 2669 1131 2710 lambino
1141 2672 1294 2718 restitue
1306 2679 1406 2714 'fro-

1308 2731 1406 2773 chai-
