1875 3292
384 193 478 255 20¹2

761 205 801 251 A
814 204 848 250 C
862 204 918 250 T.
951 200 1008 250 V.
1040 201 1070 249 S
1082 202 1232 251 CEN.
1259 203 1372 254 vm.

514 332 621 384 DE.
660 334 770 394 Age,
795 332 934 397 quid?
956 327 988 379 fi
998 331 1105 396 quid
1125 331 1459 382 temaiusoret?
1498 329 1601 383 Ml.
1634 333 1751 400 quafi

615 427 708 458 non
731 410 815 456 hoc
838 407 886 455 fit
912 424 1185 456 maxumum.

513 486 563 537 D
577 497 621 534 ε.
661 488 730 532 Da
755 487 943 531 veniam.
980 483 1026 531 A
1042 496 1086 530 E.
1126 501 1184 531 ne
1203 500 1399 546 grauere.
1419 480 1466 532 D
1482 498 1525 533 Ε.
1545 485 1625 540 fac,
1647 503 1749 553 pro-

613 564 750 609 mitte.
784 558 835 608 M
852 574 884 607 1.
919 576 1012 607 non
1035 561 1236 608 omittis?

420 659 482 692 20
517 635 618 688 ΑΕ.
659 636 785 693 Non,
808 635 884 683 nisi
903 647 945 684 te
969 652 1159 683 exorem.
1199 635 1303 684 Ml.
1339 638 1404 685 vis
1437 635 1498 686 est
1517 638 1624 685 haec
1654 630 1751 703 qui·

613 714 728 762 dem.
768 711 816 760 D
834 726 876 759 Ε.
909 728 988 773 age
1007 712 1191 777 prolixe,
1215 714 1370 760 Micio.
1588 752 1591 753 γ

512 787 617 841 Ml.
664 787 751 837 Etsi
772 789 856 837 hoc
877 789 986 836 mihi
1014 804 1219 854 prauum,
1252 791 1467 856 ineptum,
1500 787 1747 846 absurdum,

601 876 742 929 ratque
766 864 957 911 alienum
982 882 1006 911 a
1028 865 1111 911 vita
1134 881 1231 911 mea

513 942 726 992 Videtur:
761 938 791 986 fi
823 958 900 987 vos
934 933 1165 1007 tantopere
1193 938 1300 990 istuc
1331 940 1483 996 voltis,
1522 938 1609 991 fiat.
1649 937 1747 990 ΑΕ.

608 1017 723 1067 bene
752 1015 871 1066 facis.

372 1240 472 1282 serat
517 1240 674 1294 puellae
711 1238 1034 1281 coniunfflonem

374 1297 493 1339 suam.
554 1299 606 1338 D.

426 1352 601 1406 Promisti
609 1364 729 1392 autem
739 1351 780 1406 2]

371 1410 506 1464 mifisti
561 1407 745 1452 Diomed.
775 1408 841 1448 lib.
869 1421 900 1448 1.
972 1408 1034 1447 De

369 1483 408 1509 te
425 1467 603 1524 largitor]
637 1468 681 1506 V.
701 1467 747 1509 C.
776 1465 820 1505 de
836 1477 873 1506 te
883 1462 938 1516 fis
959 1462 1033 1505 Iar-·

369 1530 484 1583 gitor,
503 1536 609 1576 puer.
648 1526 709 1564 'L.
742 1530 744 1532 '

432 1588 477 1630 18
511 1582 660 1620 Omnes
678 1577 796 1618 nostri
823 1575 948 1618 Codd.
972 1589 1032 1617 re·

371 1638 441 1684 ete,
461 1633 705 1690 Qastfi'hoc
725 1633 845 1683 nous
861 1648 907 1672 m.
934 1636 974 1673 B.

395 1691 399 1697 ’
429 1705 478 1745 19
508 1692 574 1730 Da
601 1690 763 1741 vem‘am]
791 1688 939 1728 Praesta
965 1687 1033 1727 be·

369 1747 572 1795 nem-ium,
606 1746 780 1785 cdhcede
799 1742 1031 1795 quod2peti.

369 1816 446 1844 tur.
502 1805 562 1843 Ne
577 1799 751 1858 grauere]
783 1803 842 1839 Ne
873 1809 912 1838 te
931 1798 1032 1838 diffi-

368 1862 485 1900 cilem
507 1858 705 1912 praebeas.
740 1858 808 1910 qui
825 1855 1030 1911 grauemfi

368 1918 510 1956 dicitur
527 1913 723 1969 praestare,
743 1914 830 1964 quia
852 1912 890 1952 id
912 1911 1028 1952 facile

367 1987 452 2014 non
476 1971 638 2025 praestat
649 1972 690 2010 in
703 1968 908 2020 beneficio,
921 1967 1027 2021 quod

368 2030 505 2082 potest.
567 2027 632 2067 Da
654 2030 808 2073 veniam,
830 2040 873 2065 ne
893 2038 1027 2080 graue·

368 2101 421 2125 re.
445 2085 522 2137 fac,
546 2087 736 2138 promitte.
790 2079 1028 2123 Altrinsecus

367 2143 578 2196 agentium,
597 2139 925 2194 fatigantiumque
949 2150 1028 2178 ver-

366 2198 415 2238 ba
436 2197 531 2238 sunt.
590 2200 638 2238 D.

424 2256 520 2294 Non
547 2253 750 2307 omitti5?]
778 2255 826 2293 V.
857 2252 904 2293 C.
933 2250 1027 2291 Non

368 2314 567 2351 omittitis?
625 2313 664 2349 L.

421 2368 484 2407 Ob
505 2366 615 2406 codd.
648 2376 689 2404 et
723 2363 827 2403 vsnm
847 2364 1026 2404 Terentii

367 2426 456 2473 lnge
478 2424 659 2463 Grauare.
717 2424 814 2460 Nam
845 2421 888 2459 fic
916 2418 1027 2472 saepe

365 2481 479 2525 aiibi,
524 2480 582 2517 Ne
604 2493 718 2533 nega,
755 2478 815 2516 Ne
847 2480 966 2514 crucia
994 2490 1028 2515 te

365 2547 436 2573 erc.
498 2536 652 2573 Deinde
686 2533 734 2571 ob
762 2532 878 2571 fidem
900 2532 1023 2572 Codd.

363 2592 499 2631 Itaerni
524 2603 562 2628 cr
582 2590 792 2628 nostrorum
817 2603 885 2640 pro
904 2591 1025 2628 Omic-

363 2651 414 2688 ti5
437 2649 524 2697 lego
549 2648 747 2683 (minuis.
807 2650 845 2684 Β.

416 2716 471 2746 20
499 2702 584 2758 'Age
601 2702 763 2756 prolt'xc,
786 2697 920 2747 Micio]
943 2704 1023 2743 Aut

810 1348 882 1396 Ms.
897 1354 937 1394 R.
945 1363 1033 1405 pro-

1579 1096 1749 1144 Merito

1083 1239 1162 1295 Age
1172 1239 1341 1293 prolixe,
1369 1238 1410 1280 id
1437 1239 1514 1292 est,
1543 1244 1619 1293 age
1636 1238 1749 1279 beni·

1117 1308 1188 1336 ne:
1230 1307 1268 1335 vt
1302 1295 1346 1334 fit
1371 1296 1522 1337 Prolixe
1556 1297 1746 1350 benigne,

1083 1310 1298 1393 {cundum
1314 1364 1475 1393 veteres.
1497 1363 1560 1392 aut
1571 1350 1747 1406 pero’ccu'v·

1082 1413 1185 1455 δετον,
1209 1419 1248 1449 et
1274 1405 1427 1457 ἔλλειψιν,
1462 1411 1542 1464 Age
1563 1410 1748 1461 correpti-

1085 1478 1202 1504 uum:
1233 1475 1272 1503 vt
1299 1464 1347 1504 ad
1365 1464 1525 1506 Prolixe
1548 1463 1748 1505 subaudia-

1084 1531 1154 1570 tur,
1176 1520 1315 1572 Noster
1333 1521 1415 1571 esto,
1443 1532 1510 1562 aut
1531 1521 1624 1574 quid
1649 1523 1747 1562 tale:

1082 1589 1121 1617 et
1140 1579 1263 1618 Micio
1285 1579 1390 1618 velut
1410 1580 1453 1618 in
1475 1574 1578 1618 suaui
1599 1578 1745 1618 diflum

1081 1633 1126 1673 fit
1144 1633 1281 1686 (veluti
1293 1646 1363 1688 pro
1381 1635 1501 1676 Suam·
1518 1635 1659 1675 dic'lum
1677 1635 1742 1687 βε.

1080 1691 1155 1740 2.).
1215 1691 1263 1729 D.

1137 1756 1187 1785 21
1208 1743 1296 1797 Etfi
1307 1743 1374 1783 hoc
1384 1744 1654 1798 mihiprauum,
1671 1747 1743 1784 ine·

1078 1809 1204 1853 ptum,
1243 1799 1461 1855 algfurdum]
1502 1803 1684 1847 Pronum,
1715 1800 1741 1840 fi

1081 1869 1200 1896 anum
1241 1857 1348 1896 ducit
1380 1858 1493 1897 nullo
1535 1856 1741 1896 commodo

1080 1911 1161 1952 suo.
1221 1913 1409 1966 Ineptum,
1444 1914 1509 1967 qui
1537 1928 1618 1953 non
1651 1925 1742 1953 voto

1080 1968 1248 2010 filiorum
1267 1969 1381 2009 ducat
1398 1982 1566 2009 vxorem.
1603 1969 1739 2020 Absur-

1079 2026 1175 2073 dum,
1197 2026 1349 2065 homini
1373 2028 1437 2079 qui
1457 2039 1659 2078 nunquam
1675 2026 1742 2065 du·

1078 2083 1200 2132 xerit,
1233 2093 1273 2123 et
1293 2096 1496 2134 nunquam
1515 2083 1657 2122 ducere
1675 2096 1742 2122 vo-

1077 2139 1205 2184 luerit,
1228 2136 1308 2178 seni
1328 2138 1416 2178 duci
1435 2151 1607 2186 vxorem,
1640 2152 1740 2191 quae

1076 2191 1312 2235 adolescenti
1335 2195 1445 2234 duRa
1464 2208 1544 2234 non
1563 2193 1614 2235 fit.
1647 2195 1698 2234 D.

1132 2249 1215 2301 Etst
1225 2251 1294 2290 hoc
1310 2251 1402 2290 mihi
1412 2253 1586 2304 ineptum,
1613 2250 1739 2305 abfitr-

1077 2307 1184 2362 dum]
1215 2309 1290 2347 Hic
1311 2306 1496 2347 effessum
1515 2307 1588 2355 est,
1617 2319 1656 2346 vt
1677 2321 1738 2347 co-

1078 2375 1194 2418 gutur
1221 2362 1457 2416 respondere
1488 2377 1644 2404 vxorem
1671 2363 1739 2404 du·

1077 2422 1237 2460 nurum.
1295 2423 1335 2459 E.

1133 2488 1185 2518 22
1217 2475 1257 2515 Si
1277 2490 1342 2514 vos
1365 2475 1653 2529 tantopereistuc
1665 2474 1737 2514 vo!-

1077 2533 1139 2579 τίς,
1159 2531 1251 2586 fiat]
1285 2533 1365 2573 Cur
1391 2532 1551 2572 hicnon
1577 2533 1736 2570 vertitur

1075 2590 1247 2637 (veretur
1275 2592 1336 2640 J.)
1368 2590 1418 2628 de
1450 2589 1650 2627 voluntate
1669 2590 1735 2625 So-

1075 2643 1238 2686 stratae?
1270 2652 1329 2685 An
1352 2647 1441 2697 quia
1463 2645 1564 2682 illam
1577 2640 1735 2682 consen-

1077 2700 1151 2740 tire
1195 2699 1347 2742 necesse
1376 2702 1430 2740 est
1479 2701 1538 2738 vel
1574 2712 1734 2751 propter

1645 2769 1732 2808 pau—
