1875 3292
403 236 551 290 314*

789 196 1052 273 Act-(111.
1089 198 1291 273 SCEN.
1317 226 1394 275 xv,

534 348 616 400 ΡΑ
632 364 684 399 Μ.
723 353 929 399 Maneto:
969 368 1111 401 curre.
1145 351 1227 404 PA
1241 367 1289 402 R.
1324 371 1417 402 non
1438 369 1575 420 queo:
1590 356 1662 404 'ita
1681 355 1757 404 de·

632 423 760 474 fessus
784 427 890 474 suma

437 522 502 571 30
536 500 572 550 P
587 515 616 548 A
635 516 687 549 Μ.
727 502 804 549 Ille
827 502 943 549 abiit.
966 502 1072 567 quid
1084 521 1207 565 agam
1229 505 1407 552 infelix?
1427 505 1602 571 prorsus
1615 506 1756 554 nescio

536 582 642 634 Quo
662 574 791 643 paEio
814 578 899 624 hoc
923 579 1073 632 celem,

1108 579 1230 643 quod
1246 597 1319 628 me
1347 584 1486 628 orauit
1507 581 1754 644 Myrrhina,

534 657 644 702 Suae
664 662 813 713 gnatae
834 665 1030 717 partum:
1072 671 1172 702 nam
1196 671 1266 701 me
1289 655 1457 704 miseret
1477 657 1688 703 mulieris.

538 727 674 784 Quod
699 739 869 793 potero,
894 728 1069 785 faciam3
1100 740 1243 777 tamen
1263 741 1308 777 vt
1326 732 1530 795 pietatem
1554 731 1717 778 coiamz
1752 725 1753 729 ¹

533 808 656 851 Nam
681 819 759 850 mo:>
772 806 943 869 parenti
966 805 1131 870 potiuS,
1154 821 1285 870 quam
1307 807 1446 854 amori
1469 805 1644 870 obsequi

452 995 509 1037 30
546 981 608 1022 1112
638 981 750 1037 abiit]
787 982 902 1035 Quali
940 983 1054 1033 dicat,

397 1041 493 1081 licet
528 1040 603 1079 iam
641 1040 765 1090 loqui.
843 1039 904 1079 Ille
938 1040 1055 1095 abiit]

400 1094 519 1148 Quafi
541 1107 628 1134 cum
647 1093 874 1136 difficultate
889 1096 1055 1148 comple·

399 1162 479 1192 tam
502 1164 584 1191 rem
604 1150 769 1190 ostendit
781 1150 850 1190 hoc
861 1150 972 1190 disto.
1003 1156 1053 1194 D.

453 1219 476 1260 3
490 1220 515 1250 2
563 1205 658 1246 Suae
697 1220 833 1261 gnatae
873 1208 1054 1262 partum]

398 1262 624 1310 Ε’ἒτεξῆγηῐις·
679 1266 731 1305 D·

454 1332 504 1372 33
534 1317 650 1374 Qod
661 1329 803 1370 potero,
814 1319 980 1374 fizciam]
1011 1317 1055 1360 Id

400 1374 468 1425 est,
483 1376 618 1416 celabo
640 1386 826 1426 quantum
835 1387 986 1426 potero,
1005 1389 1054 1414 an

397 1430 504 1483 quasi
525 1431 735 1483 projiciens
747 1443 863 1479 cui-33,
886 1429 1052 1470 etsessus

397 1499 551 1540 angore
573 1487 678 1536 dixit,
701 1487 816 1540 de
824 1499 967 1539 potero,
988 1485 1053 1539 fiz-

396 1547 513 1583 ciam:
544 1543 583 1582 id
606 1542 668 1591 est,
688 1543 712 1582 fi
732 1556 812 1582 non
832 1554 981 1594 potero,
994 1555 1051 1582 ce·

396 1599 486 1638 dam
507 1599 650 1637 amori:
676 1610 716 1637 et
736 1595 856 1638 rursus
870 1610 1052 1651 tanquam

397 1654 548 1704 pietatis
566 1654 796 1701 admonitus,
824 1655 964 1694 adiecit
986 1667 1048 1694 ex·

397 1711 628 1760 ceptionem,
657 1710 785 1748 Tamen
807 1722 848 1746 vt
873 1713 1048 1762 pieza‘tem

396 1765 527 1804 colam.
588 1765 722 1802 Seruat
756 1765 862 1802 enim
903 1766 939 1802 in
984 1765 1048 1802 illo

397 1831 570 1860 amorem
589 1822 726 1858 Poeta:
747 1820 849 1858 cuius
867 1833 944 1858 non
960 1833 1050 1871 poe-

398 1875 557 1923 nitebit,
588 1888 628 1914 re
657 1876 832 1928 cognita,
862 1886 900 1914 et
922 1887 1052 1915 errore

398 1930 561 1972 sublato.
610 1929 720 1984 Qeod
735 1942 873 1982 potero,
888 1931 1049 1985 fhciam]

395 1988 439 2028 ld
461 1986 536 2034 est,
561 1987 681 2025 amori
703 1984 898 2038 obsequar.
952 1991 1050 2027 Nam

395 2041 653 2083 misericordia
678 2040 849 2081 mulieris
871 2042 921 2082 de
950 2056 1050 2081 nmo-

394 2112 438 2139 re
474 2097 682 2138 descendit.
756 2098 867 2138 Ouod
899 2110 1045 2150 potero,

384 2155 550 2208 faciam]
578 2139 860 2205 Apparer'Tmc
897 2155 1049 2200 difflum,

395 2209 568 2250 deseritis
588 2210 716 2261 (sorte,
741 2209 887 2261 affe'c‘bus
911 2212 971 2261 Z.)
997 2210 1049 2249 es-

394 2264 446 2315 se,
471 2280 549 2304 non
566 2266 723 2304 virtutis.
782 2266 913 2305 Tamen
925 2280 965 2305 vt
970 2268 1048 2319 pie-

395 2335 507 2361 tatem
550 2321 680 2374 colam]
724 2322 957 2361 Recordatus
993 2321 1048 2361 est

395 2375 532 2416 laesam
556 2388 717 2416 matrem
746 2374 821 2416 effe
841 2376 888 2415 ab
910 2390 1046 2416 vxore:

392 2432 467 2470 hoc
488 2434 593 2472 enim
617 2432 746 2470 credit.
774 2443 813 2471 et
835 2433 923 2472 ideo
944 2431 981 2472 se
998 2432 1045 2472 ad

393 2489 666 2539 exceptionem
687 2490 906 2536 reuocauit;
939 2490 989 2528 ita
1007 2488 1044 2528 se

1685 892 1751 948 35

1107 984 1181 1025 dae
1218 985 1365 1035 vxmis,
1403 998 1505 1036 quae
1532 985 1756 1025 inuenietur

1106 1042 1212 1080 nulla
1243 1038 1333 1081 effe.
1395 1043 1493 1082 Sunt
1527 1052 1656 1081 tamen
1686 1041 1754 1093 qui

1104 1107 1289 1136 manente
1306 1096 1443 1136 eadem
1465 1095 1672 1146 sententia,
1699 1107 1757 1135 to-

1096 1164 1184 1192 -tum
1205 1152 1279 1192 hoc
1296 1154 1476 1206 iungant,
1494 1151 1756 1210 Quodpotero,

1095 1208 1261 1260 ficiam,
1289 1222 1409 1248 tamen
1432 1222 1474 1247 vt
1494 1214 1669 1262 pietatem
1697 1221 1756 1248 co-

1103 1264 1193 1304 lam:
1218 1264 1290 1303 hoc
1320 1264 1391 1312 est,
1417 1265 1458 1302 in
1479 1276 1665 1316 quantum
1685 1277 1756 1316 po·

1104 1331 1198 1366 tero,
1226 1320 1324 1360 dabo
1344 1332 1500 1372 operam
1519 1317 1699 1360 aduersus
1717 1334 1756 1360 a·

1102 1389 1266 1426 morem,
1291 1387 1329 1416 vt
1347 1373 1478 1416 omisso
1492 1388 1552 1425 eo,
1570 1378 1754 1427 pietatem

1101 1433 1234 1472 colam.
1287 1435 1337 1473 Et
1360 1430 1607 1486 subiungitur
1635 1430 1754 1472 causa.

1107 1491 1242 1529 Tamen
1258 1501 1300 1527 vt
1315 1491 1487 1540 pietatem
1516 1487 1647 1541 colam]
1675 1489 1756 1527 De·

1101 1544 1154 1585 est
1172 1547 1251 1584 ita:
1278 1555 1314 1583 vt
1344 1543 1387 1583 fit
1403 1544 1536 1583 Tamen
1564 1557 1633 1595 pro
1654 1541 1755 1582 dun·

1100 1610 1218 1640 taxat:
1259 1611 1297 1638 vt
1326 1598 1387 1646 fit,
1419 1602 1471 1639 lta
1498 1611 1536 1638 vt
1562 1599 1751 1651 pietatem

1097 1657 1230 1695 colam.
1286 1655 1449 1693 Dixerat
1472 1655 1599 1702 enim,
1632 1653 1756 1709 Qod

1091 1723 1247 1764 potero:
1283 1720 1320 1747 et
1347 1708 1437 1748 ideo
1463 1709 1612 1748 addidit
1639 1721 1753 1748 exce-

1099 1766 1298 1818 ptionem,
1345 1766 1479 1804 Tamen
1508 1777 1551 1804 vt
1575 1767 1750 1817 pietatem

1101 1821 1240 1860 colam:
1267 1820 1306 1858 id
1326 1819 1389 1868 est,
1411 1834 1490 1859 non
1515 1818 1591 1859 sum
1610 1819 1750 1860 oblitus

1100 1889 1137 1917 et
1156 1877 1294 1915 mati-is,
1356 1875 1512 1923 Tamen]
1541 1878 1615 1915 Pro
1627 1877 1682 1916 lta
1701 1886 1750 1916 ta-

1099 1945 1204 1972 men.
1261 1935 1306 1972 D.

1155 1989 1272 2044 Qcod
1285 1989 1577 2040 patei-officiam
1588 2004 1604 2026 :
1627 2001 1750 2028 tamen

1099 2057 1142 2083 vt
1165 2056 1334 2097 pietatem
1355 2042 1480 2097 colam]
1511 2043 1748 2084 Deliberatio

1101 2101 1165 2139 illa
1179 2113 1282 2138 nunc
1295 2098 1465 2138 breuiter
1474 2100 1670 2149 repetitur,
1695 2113 1750 2139 an

1100 2167 1248 2208 partum
1276 2156 1394 2202 celet,
1429 2169 1478 2194 an
1515 2155 1629 2193 ducat
1657 2169 1747 2193 vxo-

1098 2224 1191 2252 rem.
1246 2213 1390 2250 Verum
1413 2209 1567 2249 tandem
1589 2208 1748 2250 consen-

1098 2269 1151 2315 tit,
1173 2278 1211 2306 vt
1229 2269 1336 2307 celet.
1392 2268 1479 2305 Non
1510 2267 1588 2304 vult
1615 2276 1749 2307 autem

1097 2323 1301 2369 reducere,
1338 2323 1427 2373 quia
1462 2321 1585 2361 adhuc
1612 2321 1747 2367 credit.

1097 2380 1264 2431 puellam
1278 2378 1417 2418 idcirco
1429 2375 1746 2429 discessiffe‚quod

1096 2436 1262 2488 iurgium
1283 2447 1369 2472 cum
1391 2444 1509 2472 matre
1532 2430 1743 2485 susceperit.

1094 2493 1180 2531 Hoc
1200 2491 1304 2529 enim
1326 2489 1440 2536 dixit,
1467 2487 1580 2542 Qod
1604 2500 1743 2541 potero,

391 2557 508 2582 amori
532 2544 672 2583 cedere
693 2556 882 2594 oporte-re,
906 2555 944 2583 vt
965 2557 1044 2584 non
1084 2546 1227 2598 faciam
1240 2562 1254 2582 .·
1282 2558 1399 2584 tamen
1428 2557 1469 2584 vt
1487 2547 1660 2598 pietatem
1688 2555 1746 2582 co·

392 2597 634 2637 obliuiscarm·
681 2601 840 2638 omnino
883 2601 1044 2652 pietatis.

389 2656 440 2695 Et
462 2653 562 2692 bene
584 2655 620 2691 in
645 2668 726 2692 eam
748 2653 894 2694 oausam
914 2665 1047 2695 contu·

389 2710 434 2750 lit
460 2710 721 2750 neeeffitatem
754 2724 834 2751 non
857 2712 1049 2765 reducem

1095 2603 1180 2641 lam.
1233 2604 1274 2641 E.

1151 2669 1206 2708 34
1241 2656 1340 2695 Nam
1364 2669 1417 2695 me
1429 2655 1576 2707 parenti
1598 2655 1744 2706 potius.

1096 2724 1205 2767 quam
1231 2714 1368 2765 amori]
1407 2712 1559 2759 Amori,
1601 2707 1744 2749 sciiicet

1655 2777 1747 2805 vxo-

1843 349 1867 673 2-22-›44-Q‘
1847 469 1852 476 ¹
1848 131 1870 347 Lmssaessm’
1852 22 1875 135 :m
1838 0 1870 80 wila
