1891 3308
360 195 443 245 DE
472 154 711 236 METfils
740 193 1197 239 TERENTIANIS.
1426 207 1483 237 lx

199 307 317 349 Poeta
338 320 417 346 cum
431 309 596 361 primum
614 306 783 347 (inimum
799 305 1096 359 adfiribendum
1119 308 1281 362 tippulit,

199 364 344 417 Idsz‘bi
363 367 491 420 negoti
510 365 670 405 credidit
681 365 809 418 solam
831 366 927 405 dari.

198 422 425 470 Εηίηιιιὲνο,
448 422 572 469 Daue,
592 421 648 462 nil
667 423 738 463 loci
757 422 1004 478 estfignz'tz'ae
1024 421 1362 475 nequefhccirdiae,

200 481 398 537 Qantum
419 479 588 519 intellexi
611 479 714 519 mado
724 480 829 530 finis
842 481 1066 534 sententiam
1086 481 1128 519 de
1147 480 1302 533 ntiptiis.

85 535 162 579 Etsi
183 551 336 586 reuera,
366 536 473 588 quod
496 537 660 576 Romani
682 537 910 587 voluerunt,
945 536 1028 577 seni
1048 539 1092 576 iu
1112 551 1277 590 quoque
1293 539 1489 579 Trimetre

86 593 161 634 fint
179 596 300 642 lc‘tus3
332 593 469 645 qui-lic
490 594 660 645 exprimi
684 594 837 646 poslint‚

201 653 319 692 Poe‘ta
341 652 420 691 cam
435 653 598 703 primum
616 650 782 691 [inimum
802 650 1107 704 adfiribendum
1127 650 1290 706 Appulit,

203 707 343 759 Idsiln'
357 707 490 762 .neg0‘ti
508 708 667 747 credidit
674 708 804 759 s0l12m
825 709 923 749 dari.

85 767 239 808 Verum
259 766 352 817 quia
369 767 409 804 in
431 765 596 817 paribus*
609 766 717 810 locis,
736 779 772 812 2,
786 778 823 820 4,
839 769 878 810 6,
892 767 1023 805 minus
1035 765 1273 818 plerumque
1285 766 1492 806 eleuantur

87 835 130 863 et
149 822 358 872 feriuntur,
381 835 496 874 quam
506 823 546 862 in
559 823 610 860 im
616 821 787 874 paribus,
810 835 846 870 1,
859 837 894 877 3,
909 837 946 878 5,
964 822 1107 862 idcirco
1121 837 1191 878 eos
1201 837 1313 863 more
1324 825 1492 864 Graeco-

88 894 175 921 rum
205 879 266 919 hic
287 880 432 932 placuit
465 880 660 919 omittere.
720 882 871 921 Horum
890 891 1023 921 autem
1046 891 1285 920 accentuum
1306 880 1422 920 duclu
1442 879 1492 931 (fi

87 951 164 977 vox
184 938 225 977 in
247 938 322 975 illis
344 933 498 989 syllabis
518 947 690 984 acuatur,
712 949 751 977 et
772 951 840 990 par
850 938 1038 989 temporis
1050 935 1241 986 mensura,
1262 950 1365 989 quae
1378 938 1493 990 pedis

85 993 315 1037 Ditrochaei
327 993 388 1033 vel
400 992 564 1043 E’mrgtrs
583 999 719 1041 δευτέρε
741 992 860 1046 spatio
881 992 1190 1046 semperfinitur,
1203 994 1494 1050 interfingulos

87 1063 272 1092 accentus
295 1047 484 1103 seruetur)
504 1047 631 1089 versus
655 1049 853 1091 vniuersos
873 1051 1016 1091 eodem
1042 1051 1163 1091 modo
1185 1054 1323 1093 Lecffir
1337 1051 1490 1103 efferet,

88 1122 170 1162 quo
191 1109 284 1148 olim
305 1107 352 1147 ab
379 1108 521 1149 A&0re
540 1109 581 1147 in
601 1109 728 1147 Scena
745 1109 792 1148 ad
813 1108 948 1148 tibiam
969 1108 1347 1161 pronunciabantur.
1405 1114 1494 1152 Hoc

88 1179 254 1218 quoque
277 1165 526 1204 commodiin
541 1164 599 1204 his
617 1165 859 1205 Accentibus
869 1167 1223 1207 metor-inueniet:
1245 1167 1351 1219 quod
1367 1166 1494 1208 statim

88 1234 132 1263 et
149 1222 598 1270 i&t1¹octxliT1·0cliaic0s
617 1221 664 1261 ab
684 1222 875 1271 lambic1s,
908 1224 974 1276 qui
995 1223 1038 1262 in
1059 1223 1201 1263 eadem
1224 1226 1350 1264 Scena
1370 1226 1496 1265 inter·

91 1281 189 1320 dum
209 1281 339 1319 locum
361 1279 522 1328 habent,
543 1279 654 1332 possit
667 1279 932 1335 distinguere:
954 1279 978 1319 fi
991 1284 1189 1321 Accentus
1209 1278 1410 1323 scilicetin
1422 1283 1497 1334 pri-

88 1349 155 1378 ma
174 1334 298 1377 versus
317 1333 462 1390 syllaba
482 1337 549 1388 est,
573 1337 783 1377 Trochaici
802 1336 887 1377 sunt
896 1352 912 1387 3
940 1336 994 1377 fin
1014 1338 1159 1389 minus,
1177 1339 1356 1383 Iambici.

681 1418 896 1465 (Caesura.

150 1506 288 1546 Omne
308 1500 487 1543 versuum
507 1515 634 1557 genus
656 1499 758 1542 suam
782 1502 901 1543 habet
923 1502 1120 1554 Caefiaram
1137 1504 1216 1545 fiue
1236 1504 1472 1546 Incifionem
1484 1519 1496 1556 ;

92 1574 173 1614 qua
192 1561 355 1612 verbum
374 1561 621 1607 terminatur,
640 1571 679 1600 et
692 1574 767 1599 vox
785 1561 828 1599 in
842 1559 1005 1601 decursu
1032 1562 1196 1614 paulum
1213 1560 1498 1614 interquiescit.

90 1620 164 1659 llla
190 1615 274 1658 fere
295 1615 462 1658 caesura
482 1618 667 1657 Romanis
687 1618 859 1670 placuit,
895 1631 1000 1670 quae
1029 1620 1072 1658 in
1102 1620 1235 1672 priore
1257 1621 1360 1661 tertii
1382 1621 1496 1675 pedis

90 1672 238 1731 syllaba
258 1673 302 1713 fit
318 1690 325 1713 :
359 1684 396 1713 vt
415 1675 456 1712 in
475 1675 646 1714 Heroico
662 1689 670 1713 :

206 1734 329 1772 Arma
348 1734 540 1786 virumque
559 1744 653 1771 cano
672 1731 678 1786 Ι
703 1729 834 1770 Troiae
852 1734 916 1785 qui
930 1735 1080 1784 primus
1100 1731 1146 1773 ab
1167 1734 1250 1775 oris

206 1789 358 1829 Italiam
367 1789 463 1842 fato
484 1788 491 1844 1
510 1788 700 1844 profugus
724 1788 947 1843 Lauinaque
969 1792 1076 1830 venit

154 1875 156 1877 »
210 1846 358 1895 Litora,
378 1845 533 1888 multum
552 1844 610 1884 ille
629 1859 665 1885 et
683 1846 688 1899 ί
707 1848 821 1886 terris
840 1848 998 1887 ineratus
1019 1861 1055 1887 et
1078 1847 1158 1887 alto

212 1903 260 1943 Vi
269 1902 460 1955 fitperum,
473 1902 627 1958 fheuae}
647 1916 842 1942 memorem
862 1905 1017 1944 lunonis
1037 1903 1082 1943 ob
1100 1908 1208 1946 irum.

95 1963 226 2004 Varro
259 1959 422 2012 quidem
440 1960 546 2013 apud
566 1960 741 1999 Gellium
764 1973 899 2009 xv111‚
932 1973 994 2013 15.
1011 1960 1155 2013 firibit
1176 1961 1377 2015 obst’ruaffi
1396 1963 1440 2015 fi
1460 1966 1500 2004 in

97 2018 208 2071 versu
221 2018 470 2064 Hexametw,
500 2017 600 2071 quod
619 2017 833 2056 omnimodo
854 2021 1006 2073 quintus
1014 2018 1177 2074 semipes
1201 2020 1260 2073 (id
1283 2021 1357 2070 est,
1394 2022 1502 2073 prior

99 2077 212 2128 pedis
240 2073 344 2114 tertii
371 2072 531 2128 syllaba)
561 2073 716 2114 verbum
729 2075 879 2127 finiret.
938 2077 1108 2126 Mirum,
1145 2077 1254 2129 quod
1276 2078 1502 2120 omnimodo

100 2133 254 2181 dixerit,
281 2145 370 2171 cum
391 2132 590 2172 Lucretius
611 2132 688 2171 iam
709 2141 790 2171 tum
812 2131 1030 2183 variauerit,
1080 2158 1087 2164 -

211 2189 411 2229 Reddenda
431 2191 471 2229 in
491 2191 591 2229 ratio
607 2188 613 2244 Ι
630 2202 674 2229 ne
693 2202 840 2240 vocare,
863 2200 900 2231 et
909 2189 1057 2243 semina
1075 2203 1219 2231 rerum.

101 2256 142 2287 et
164 2247 358 2299 Catullus,
801 2293 807 2295 ⁴

218 2303 352 2343 Omnia
364 2302 488 2356 fimda
506 2302 620 2354 nefan
638 2302 644 2358 Ι
662 2303 709 2343 da
727 2301 824 2343 malo
839 2303 1012 2358 permiffix
1022 2305 1179 2359 furore.

103 2359 243 2403 Postea
267 2357 417 2412 saepius
442 2359 643 2413 Virgilius,
907 2387 909 2390 «

219 2415 385 2471 Lyrneffi
403 2417 535 2456 domus
553 2415 610 2471 all
627 2430 679 2464 ta,
695 2415 783 2467 sblo
808 2417 995 2459 Laurente
1006 2417 1233 2473 sepulcrum.

104 2475 303 2515 Homerus
320 2484 449 2514 autem
471 2473 565 2513 olim
593 2472 821 2525 saepiffime‚

221 2531 405 2576 ου’λομέπην
433 2527 453 2574 ἢ
481 2528 527 2577 μό
544 2530 548 2586 Ι
567 2537 599 2577 qi
632 2531 776 2576 Α’χαιοῖς
796 2530 884 2579 ἄλγέ
912 2527 1040 2575 ἔθηκεν.

104 2588 201 2629 Non
229 2588 448 2627 Omnimodo
474 2588 595 2640 igitur
616 2587 762 2627 dictum
785 2589 960 2641 oportuit
969 2603 979 2636 3
1006 2586 1070 2629 sed
1091 2589 1321 2646 Plerumque.

165 2645 212 2684 In
232 2643 430 2699 Sapphico
451 2643 625 2684 {imiliter
645 2647 809 2685 Romani
830 2647 972 2698 quinto
991 2644 1078 2687 fere
1099 2644 1326 2701 semipede:

450 2701 662 2741 Pindarum
684 2701 851 2755 quisquis
867 2702 874 2758 Ι
886 2702 1018 2757 studet
1037 2706 1229 2757 aemulari,

449 2757 542 2810 Iule,
562 2761 698 2800 ceratis
715 2758 721 2813 Ι
736 2771 800 2814 ope
822 2759 1018 2802 Daedalea

845 2831 866 2857 a
897 2829 922 2871 ς
970 2836 974 2837 ’
1401 2820 1511 2865 Niti-
