1875 3292
349 162 446 212 234

703 141 935 192 'ALTER
974 139 1356 189 PROLOGVS

384 294 451 342 40
485 278 617 325 Meae
637 270 884 322 auffioritati
899 271 1060 318 ‘fautrix
1081 269 1354 334 adiutrixque
1376 267 1441 317 fit.

485 356 531 402 Si
551 355 779 415 nunquam
799 364 927 396 auare
948 349 1144 413 pretium
1166 345 1291 393 statui
1312 348 1393 393 arti
1412 360 1557 401 meae3

483 434 544 479 Et
565 445 667 475 eum
690 424 771 477 effe
783 422 1007 489 quaestum
1019 424 1065 470 in
1077 425 1274 469 animum
1286 421 1436 470 induxi
1449 437 1719 476 maxumum,

485 510 637 560 Quam
660 517 860 550 maxume
880 499 1040 547 seruire
1059 497 1211 547 vostris
1235 498 1502 546 commodis:

485 584 624 630 Sinite
645 584 880 644 impetrare
903 593 989 630 me,
1017 577 1093 640 qui
1113 577 1159 621 in
1180 575 1360 623 tutelam
1378 591 1522 622 meam

379 675 446 726 45
485 658 688 707 Studium
709 656 847 709 suum,
866 664 911 701 et
932 653 971 699 se
991 654 1038 700 in
1058 649 1247 699 vostram
1269 649 1483 698 commisit
1500 649 1648 703 fidem,

485 739 561 783 Ne
584 749 688 779 eum
713 734 1066 779 circumuentum
1089 729 1240 791 inique
1259 728 1399 790 iniqui
1424 727 1647 775 irrideant.

485 813 593 860 Mea
611 808 731 857 causa
756 807 921 856 causam
943 806 1137 872 accipite,
1158 813 1202 851 et
1221 802 1317 851 date
1337 800 1580 861 filentium3
1606 852 1609 854 ,

408 1049 464 1090 40
499 1034 611 1075 Meae
638 1032 870 1084 auetoritati]
911 1030 1016 1082 Quia

350 1096 432 1136 iam
454 1089 574 1133 senex
603 1090 670 1131 est.
726 1092 835 1130 Meae
861 1089 1018 1127 auftori-

350 1152 428 1192 tati
453 1151 633 1203 fautrix,
670 1148 917 1200 adiutrixque
944 1143 1015 1197 fi't]

349 1208 447 1259 Qua
465 1206 704 1246 Terentium
723 1203 872 1257 probo3
903 1213 945 1240 et
965 1199 1017 1240 est

348 1264 476 1318 figura
495 1267 668 1309 ἀναλογία.
729 1261 820 1301 Vult
838 1269 968 1298 autem
981 1254 1018 1296 se

349 1319 435 1362 esse
455 1323 535 1360 eius
555 1318 798 1364 auem-itatis,
828 1327 867 1356 vt
887 1325 926 1354 et
947 1326 1016 1366 Ρο->

348 1379 448 1431 pulo
467 1378 625 1429 placere
649 1376 728 1414 iam
752 1372 917 1424 debeat,
946 1369 1017 1422 qui

349 1434 421 1488 ipti
445 1435 583 1487 placet.
643 1434 694 1472 D.

410 1504 460 1544 41
493 1491 536 1531 Si
555 1485 878 1542 nunquam'auare]
899 1486 1019 1527 Com-

350 1548 560 1590 mendatio
591 1546 638 1585 ab
662 1556 756 1584 ante
777 1544 887 1583 dietis
908 1539 1017 1590 (abiis

353 1604 484 1648 Codd.
505 1605 628 1654 vett),
650 1603 689 1641 id
711 1600 776 1648 est,
797 1595 1019 1650 apersonae

351 1659 557 1701 attributis.
616 1657 659 1695 Si
677 1669 860 1709 nunquam
884 1651 1016 1704 auare]

350 1724 390 1761 A
412 1716 558 1755 meritis
577 1711 790 1753 defensoris
812 1721 1017 1763 argumen-

353 1784 438 1813 tum
473 1771 521 1811 ad
549 1770 704 1810 laudem
737 1767 913 1809 Fabulae.
944 1772 947 1773 ’
974 1762 1018 1802 Si

353 1838 543 1882 nunquam
570 1829 698 1876 auare]
729 1829 801 1865 Per
822 1823 919 1863 haee
937 1833 1018 1858 ver-

355 1889 407 1926 ba
439 1885 652 1924 Terentius
677 1883 756 1921 vult
785 1877 1019 1920 demonstra-

355 1958 411 1992 re,
433 1956 548 1995 quam
569 1939 706 1995 grauis
722 1938 852 1978 aufflor
872 1934 926 1985 fit,
952 1933 1019 1985 qui

352 1998 436 2039 suas
475 1996 711 2039 Comoedias
749 1994 901 2047 probet.
957 1990 1020 2030 Sic

352 2057 538 2098 Horatius
557 2052 692 2106 (Epist.
711 2065 756 2099 11,
782 2063 814 2100 1,
844 2047 932 2100 81.)
964 2070 1020 2077 —

354 2138 411 2145 —
439 2127 478 2151 en
498 2124 608 2166 quum
627 2108 844 2162 respondere
871 2105 1021 2145 coneris

354 2169 462 2224 Qme
488 2171 619 2224 grauis
637 2165 818 2219 Aesopus,
848 2175 936 2216 quae
958 2160 1020 2200 do-

355 2230 432 2267 etas
459 2224 611 2275 Rofiius
628 2225 717 2278 egit.
774 2223 823 2262 D.

411 2295 467 2334 42
496 2282 547 2321 Et
567 2295 648 2320 eum
667 2278 730 2331 effe
751 2274 945 2332 quaestum,
980 2275 1020 2313 in

356 2343 517 2379 ant'mum
534 2337 684 2390 induxi]
696 2335 819 2376 Modo
833 2347 914 2372 non
926 2345 1019 2371 nun-

355 2410 467 2449 quam
488 2394 734 2435 subauditur:
765 2389 829 2432 sed
841 2389 887 2442 st'.
917 2387 1018 2437 vtfit,

352 2456 402 2494 Et
432 2452 457 2491 fi
485 2466 575 2491 eum
606 2447 704 2497 esse,
754 2459 828 2488 ete.
886 2446 1020 2486 Maxi-

355 2522 452 2548 mum
473 2522 581 2561 quam
600 2505 776 2553 maxime]
810 2504 934 2557 Inique
946 2503 1020 2541 Ini-

355 2567 420 2620 qui
440 2563 631 2610 παρόμοιον.
692 2567 742 2604 Ι).

412 2634 464 2674 43
507 2622 637 2675 ’‘O—[tam
671 2620 833 2657 maxime
868 2615 1020 2667 seruire

355 2678 490 2732 vostris
536 2673 748 2723 commodis]
797 2674 884 2715 Plus
925 2671 1021 2711 dixit

1662 883 1706 928 V
1706 889 1726 927 t

1065 1027 1285 1077 commodis,
1312 1036 1430 1079 quam
1447 1024 1474 1066 fi
1492 1024 1641 1065 diceret
1653 1024 1728 1065 Vo-

1066 1083 1286 1138 luptatibus.
1342 1084 1391 1123 D.

1078 1156 1083 1159 ’
1123 1154 1178 1194 44
1208 1143 1328 1182 Sinite
1347 1141 1544 1192 impetrare
1565 1152 1630 1186 me,
1660 1138 1728 1190 qui

1067 1202 1106 1238 in
1123 1198 1277 1238 tutelam
1297 1196 1429 1250 meam]
1464 1195 1570 1236 Ordo
1584 1194 1648 1242 est,
1671 1195 1728 1234 Si-

1068 1256 1153 1295 nite
1170 1256 1383 1307 impetrare
1391 1265 1467 1301 me,
1491 1265 1544 1291 ne
1556 1265 1644 1291 eum
1658 1251 1730 1289 cit·

1066 1321 1318 1352 cumuentum
1341 1310 1480 1361 inique
1498 1309 1623 1360 iniqui
1642 1309 1730 1347 irri-

1066 1370 1206 1417 deant,
1241 1367 1308 1418 qui
1339 1367 1383 1405 in
1409 1365 1569 1405 tutelam
1598 1377 1728 1403 meam

1066 1425 1231 1465 studium
1249 1422 1367 1471 suurn,
1391 1432 1431 1462 et
1449 1419 1487 1461 se
1506 1422 1548 1461 in
1565 1421 1728 1462 vestram

1068 1479 1253 1522 commilit
1270 1478 1400 1519 fidem.
1457 1480 1506 1519 D.

1120 1540 1200 1594 Qn'
1218 1540 1258 1576 in
1275 1535 1429 1575 tutelam
1448 1548 1561 1575 meam
1563 1534 1728 1587 studium

1054 1594 1181 1645 ficum,
1214 1593 1302 1644 etse
1320 1596 1359 1631 in
1378 1591 1530 1642 vestram
1552 1591 1727 1641 commq'ltt

1058 1649 1192 1704 fidem]
1238 1653 1360 1689 Poeta
1398 1648 1506 1687 enim
1544 1646 1728 1698 quodam-

1065 1706 1187 1745 modo
1231 1705 1387 1744 auetore
1433 1703 1728 1743 commendatus

1067 1763 1134 1803 est.
1192 1765 1234 1802 E.

1123 1831 1178 1872 47
1207 1819 1298 1859 Mea
1324 1814 1451 1867 causta]
1491 1814 1606 1867 Quali
1637 1815 1731 1854 ora*

1070 1886 1130 1916 tor
1154 1874 1294 1927 caufizm
1329 1873 1438 1912 dixit.
1494 1873 1587 1912 Mea
1607 1870 1728 1922 causiz,

1070 1932 1214 1984 caufizm
1235 1930 1328 1970 hanc
1344 1931 1512 1982 accipite]
1543 1931 1630 1969 Hoc
1651 1941 1734 1966 ors-

1070 1991 1180 2030 torie.
1208 1987 1256 2027 fic
1277 1988 1381 2026 enim
1399 1984 1459 2034 fit,
1492 1998 1611 2038 quum
1643 1997 1730 2036 pet·-

1070 2044 1257 2096 sonapro
1277 2041 1442 2096 persona
1462 2041 1512 2082 ad
1530 2055 1732 2082 commen-

1071 2104 1272 2143 dationem
1306 2099 1476 2140 affertur.
1529 2099 1623 2138 Mea
1648 2111 1731 2137 cau·

1059 2160 1128 2213 fil,
1161 2157 1324 2211 cnufilm]
1361 2163 1608 2203 Παςονσμασὶκ.
1678 2153 1730 2193 Et

1070 2218 1153 2257 date
1168 2213 1382 2267 silentium]
1417 2210 1538 2264 Quali
1560 2211 1730 2252 Fabulae

1071 2287 1115 2314 ac
1136 2277 1291 2313 Poetae.
1347 2272 1399 2312 D.

1124 2330 1217 2369 Mea
1239 2326 1346 2378 causa
1373 2325 1516 2377 causum
1527 2324 1620 2365 hanc
1638 2327 1732 2364 acci·

1066 2390 1164 2441 pite,
1203 2399 1245 2424 ac
1271 2383 1377 2437 date]
1417 2383 1499 2423 Scit
1527 2379 1564 2421 se
1591 2381 1731 2435 optimi

1067 2443 1197 2483 meriti
1218 2439 1316 2489 effe,
1349 2450 1387 2478 et
1404 2452 1520 2491 quam
1544 2436 1733 2490 frequen-

1070 2510 1129 2539 ter
1146 2498 1292 2551 populo
1315 2496 1524 2548 placuerit:
1554 2505 1593 2535 et
1615 2495 1731 2533 idcir·

1070 2570 1116 2595 co
1145 2565 1304 2607 propter
1322 2551 1360 2592 se.
1380 2552 1473 2591 dicit
1491 2550 1731 2590 audientiam

1071 2609 1148 2651 effe
1166 2610 1413 2653 Comoediae
1433 2607 1600 2646 dandam
1613 2606 1732 2658 (Reli-

1071 2681 1169 2722 quus
1188 2665 1403 2721 Eugraphii
1428 2666 1472 2705 in
1492 2663 1594 2704 hanc
1612 2662 1734 2703 Fabu-

1656 2721 1734 2758 lam
