1827 3180
559 208 926 256 PHORMIO.

1328 220 1414 263 54²

184 341 304 398 Quid
332 342 478 389 minus
503 340 652 389 vtibile
675 339 778 392 suit,
811 354 942 402 quam
965 335 1050 383 hoc
1073 333 1195 382 vlcus
1227 343 1422 394 tangere,

88 438 146 469 10
184 426 274 466 Aut
297 421 526 465 nominare
552 417 760 464 vxorem?
791 411 950 462 inieffia
976 411 1035 458 est
1057 410 1151 476 spes
1171 411 1301 475 patri,

181 492 304 543 Poffe
327 495 442 541 illam
466 493 656 540 extrudi:
697 491 805 538 cedo
824 507 943 538 nunc
967 505 1120 554 porrO,
1146 488 1360 533 Phormio

182 575 348 619 Dotem
372 569 399 616 fi
423 572 618 634 accipiet,
651 586 758 616 vxor
784 565 981 614 ducenda
1006 562 1065 610 est
1089 564 1299 610 domum:

184 648 308 703 Quid
353 646 459 693 fiet?
497 642 602 693 GE.
640 662 733 692 non
774 647 895 691 enim
938 641 1080 689 clucet.
1133 641 1246 688 AN.
1294 637 1428 684 noui:

283 734 501 770 caeteruln

57 851 61 854 ,
189 804 346 855 Quum
367 808 599 860 argentum
621 806 837 861 repetent,
862 791 1006 842 nostra
1027 791 1147 839 causa
1173 791 1332 837 scilicet

97 891 116 926 ι
132 894 155 940 5
192 880 244 922 ln
269 889 455 922 neruom
479 876 626 940 potius
650 874 744 920 ibit.
779 869 887 919 GE.
927 869 1062 917 Nihilv
1082 866 1154 920 est,
1177 866 1395 931 Antipho,

190 955 315 1006 Quin
342 949 692 998 malemrrando
713 947 841 1014 poffit
863 945 1155 1011 deprauatier.

188 1033 269 1076 Tu
288 1027 332 1073 id
356 1027 476 1091 quod
497 1027 604 1074 boni
623 1023 682 1072 est
704 1026 922 1088 excerpis:
955 1022 1061 1068 <licis
1087 1018 1208 1083 quod
1232 1018 1334 1065 mali
1359 1014 1435 1066 est.

192 1104 310 1151 Audi
333 1120 451 1149 nunc
473 1115 624 1150 contra
644 1105 751 1147 iam:
789 1099 820 1147 fi
839 1110 1074 1159 argentum
1097 1096 1328 1161 acceperit,

191 1179 407 1227 Ducenda
428 1177 487 1225 est
508 1197 627 1231 vxor,
650 1187 696 1225 vt
717 1180 800 1223 ais:
838 1173 1033 1223 concedo
1057 1171 1158 1219 tibi:

97 1275 158 1306 20
195 1259 393 1321 Spatium
415 1255 598 1319 quidem
626 1254 803 1302 tandem
824 1250 1086 1318 apparandis
1117 1248 1300 1314 nuptiis',

61 1433 176 1482 abest,
199 1433 435 1486 etposterius
455 1437 496 1474 in
511 1434 611 1476 Cod.
624 1437 720 1487 Reg.

63 1495 234 1532 Faernus
257 1491 438 1542 quidem,
467 1502 506 1529 et
526 1489 610 1542 post
629 1503 721 1530 eum

62 1548 243 1600 plerique
266 1547 328 1585 alii
349 1547 630 1599 ampleftuntur
657 1558 723 1598 po-

63 1604 209 1643 sterius.
268 1603 345 1644 Sed
391 1604 576 1655 equidem
615 1603 723 1654 prius

64 1661 282 1714 genuinum
313 1657 392 1699 effe
421 1660 554 1698 statuo.
624 1661 724 1700 Nam

64 1717 158 1755 haut
184 1716 305 1755 dubie
326 1716 509 1768 posterius
530 1715 604 1754 huc
630 1715 724 1754 olim

64 1774 107 1812 in
126 1775 347 1825 marginem
372 1772 583 1811 tradufftum
603 1771 656 1810 est
676 1784 725 1809 ex

63 1829 178 1871 Adel.
204 1842 269 1878 111,
303 1843 348 1883 3,
377 1836 439 1877 18.
468 1828 532 1868 sed
552 1843 572 1868 a
595 1828 724 1869 nostro

66 1888 152 1926 loco
181 1886 352 1925 alienum
370 1886 452 1932 ἰή,
489 1887 581 1937 quia
605 1884 727 1924 efficit

67 1943 320 1995 tautologiam
370 1939 554 1981 vitiosam.
629 1944 727 1981 Nam

69 1998 202 2052 Siquid
218 2000 317 2045 velis,
336 1998 374 2037 id
399 1997 522 2051 ipsum
536 1996 590 2037 est
609 1996 727 2048 quod,

69 2055 112 2095 Si
131 2056 221 2108 quid
239 2057 332 2094 rec'te
352 2069 380 2094 c.
406 2070 441 2094 v.
478 2059 531 2095 At
555 2067 643 2093 vero
656 2054 729 2105 pri-

67 2125 111 2150 us
143 2110 238 2149 illud
267 2112 469 2164 egregiam
497 2110 614 2150 efficit
644 2108 728 2149 sen-

69 2167 244 2206 tentiam.
301 2168 462 2208 Dixerat
483 2168 590 2205 euim
624 2164 731 2218 supra

71 2235 142 2269 111,
169 2235 202 2269 1,
229 2234 288 2274 15.
319 2224 429 2271 Geta,
465 2223 574 2274 Sicfi·
596 2222 731 2261 habent

69 2280 283 2332 principia:
308 2278 427 2316 adhuc
444 2278 646 2332 tranquilla
671 2292 729 2317 res

73 2335 131 2386 est.
188 2337 273 2374 lure
302 2347 395 2386 ergo
417 2333 477 2372 hic
500 2336 625 2374 Gerae
652 2331 733 2372 iras-

75 2392 194 2436 citur,
229 2391 296 2441 qui
327 2404 374 2428 ex
396 2391 602 2441 tranquilla
631 2390 734 2428 rein

75 2460 220 2491 nouas,
255 2457 291 2484 vt
321 2445 499 2497 putabat,
541 2446 668 2484 turbas
696 2454 735 2484 et

75 2503 294 2556 perniciem
309 2515 401 2541 eum
412 2503 635 2542 coniecerit.
667 2506 707 2544 B.

133 2629 160 2669 9
190 2616 299 2656 Vlcus
314 2614 483 2669 tangere]
507 2614 737 2654 Prouerbia-

81 2671 138 2710 le:
171 2686 253 2710 non
285 2675 448 2717 εἰρωνικῶς
469 2671 572 2711 dixit.
634 2675 680 2712 D.

137 2729 373 2784 Qizlmz‘nus
386 2729 614 2778 vtibilesisit,
628 2741 738 2782 quam

82 2783 147 2823 hoc
167 2785 267 2826 vlcus
290 2784 488 2839 tangere?]
521 2786 583 2824 1:st
605 2794 735 2824 autem

1348 1325 1437 1371 Vo-

771 1433 887 1481 vicus,
905 1429 1011 1482 quod
1032 1442 1081 1468 ex
1099 1425 1137 1467 se
1155 1428 1199 1466 in
1221 1438 1338 1464 carne
1358 1421 1440 1464 nas-

773 1490 883 1527 citur.
939 1485 1141 1538 Siquidem
1176 1479 1340 1521 immissa
1367 1496 1441 1534 pa-

776 1546 820 1584 tri
842 1541 926 1596 spes
955 1542 1029 1589 est,
1078 1551 1237 1579 vxorem
1263 1539 1437 1587 extrudi,

774 1601 848 1640 hoe
867 1599 932 1646 est,
952 1598 1108 1650 expelli.
1167 1598 1212 1637 E.

828 1657 963 1697 Minus
1004 1651 1149 1706 vtibtle]
1194 1649 1315 1689 Plaut.
1351 1654 1440 1692 Me-

774 1711 910 1752 naecli.
929 1725 966 1761 v,
990 1713 1027 1760 6,
1047 1722 1113 1761 23.
1149 1705 1278 1748 Solent
1301 1707 1363 1760 ejsJe
1381 1707 1443 1745 he-

773 1773 827 1810 ris
846 1769 1002 1808 vtibiles.
1060 1768 1100 1805 L.

834 1838 885 1868 12
916 1824 955 1863 St
984 1822 1164 1863 Phormio
1195 1821 1352 1871 accipiet
1378 1818 1444 1857 do-

777 1882 868 1936 tem]
913 1885 1089 1922 onrem
1122 1876 1261 1915 ducet:
1303 1875 1327 1913 fi
1358 1889 1444 1915 non

778 1937 940 1986 duxerit,
954 1945 1162 1990 argentum
1175 1931 1341 1974 reddet?
1369 1934 1412 1971 E.

839 2007 890 2046 14
926 1995 983 2033 lta
1022 1990 1147 2043 nost'ra
1175 1988 1280 2038 causi
1308 1987 1377 2026 ibit
1403 1990 1445 2025 ir:

777 2050 946 2104 neruum]
980 2051 1028 2088 H.
1050 2045 1383 2095 e.inpe1·1'culum,
1405 2053 1447 2082 vt

779 2106 900 2161 supra,
933 2107 1071 2146 Vereor
1096 2116 1137 2141 vt
1162 2099 1267 2151 {staec
1286 2101 1446 2149 for-tim-

780 2166 825 2205 do
846 2167 885 2204 in
905 2174 1057 2203 neruum
1075 2169 1257 2209 erumpat.
1312 2158 1355 2195 E.

845 2233 893 2272 15
936 2221 982 2258 In
1016 2227 1169 2256 neruum
1199 2215 1323 2262 pozius
1353 2209 1446 2264 ibit]

781 2278 975 2328 Decipiet.
1007 2288 1027 2312 a
1048 2267 1260 2324 prouerbio
1286 2267 1403 2306 traclo
1425 2282 1447 2306 a

784 2332 1005 2386 sagittariis:
1040 2337 1157 2378 quum
1186 2325 1240 2362 vis
1272 2319 1449 2361 conatus-

785 2402 863 2441 que
897 2385 1093 2426 tendentis
1128 2392 1271 2428 arcum,
1302 2379 1448 2418 nonin

786 2446 951 2484 volatum
973 2441 1050 2488 teli,
1076 2435 1139 2477 sed
1160 2436 1200 2474 in
1225 2436 1450 2487 ruptionem

786 2503 899 2541 nerui
924 2504 1140 2548 expetatur.
1195 2496 1246 2533 D,

848 2569 897 2608 17
932 2555 990 2594 'su
1010 2554 1049 2590 id
1069 2549 1173 2603 quod
1202 2547 1288 2587 boni
1319 2545 1366 2598 est
1385 2560 1450 2586 ex-

789 2612 921 2667 corpis]
960 2606 1136 2648 Honeste
1167 2603 1350 2655 Excerpis
1395 2603 1449 2642 di-

786 2672 852 2709 xit.
883 2680 920 2707 et
940 2660 1448 2713 attendequemadrnodum

788 2729 889 2766 dicat
909 2721 1068 2774 Excerpi
1082 2718 1189 2771 borea,
1209 2716 1449 2771 quibusnon

787 2794 923 2824 vtatur.
983 2780 1034 2819 D.
