<?xml version="1.0" encoding="UTF-8"?>
<!DOCTYPE html PUBLIC "-//W3C//DTD XHTML 1.0 Transitional//EN"
    "http://www.w3.org/TR/xhtml1/DTD/xhtml1-transitional.dtd">
<html xmlns="http://www.w3.org/1999/xhtml" xml:lang="en" lang="en">
 <head>
  <title>
</title>
<meta http-equiv="Content-Type" content="text/html;charset=utf-8" />
  <meta name='ocr-system' content='tesseract 3.04.00' />
  <meta name='ocr-capabilities' content='ocr_page ocr_carea ocr_par ocr_line ocrx_word'/>
</head>
<body>
  <div class='ocr_page' id='page_1' title='image "./comoediaesexexre02tereuoft_0403.png"; bbox 0 0 1859 3196; ppageno 0'>
   <div class='ocr_carea' id='block_1_1' title="bbox 648 215 950 262">
    <p class='ocr_par' dir='ltr' id='par_1_1' title="bbox 648 215 950 262">
     <span class='ocr_line' id='line_1_1' title="bbox 648 215 950 262; baseline -0.003 0"><span class='ocrx_word' id='word_1_1' title='bbox 648 215 950 262; x_wconf 83' lang='lat' dir='ltr'><strong>HECYRA.</strong></span> 
     </span>
    </p>
   </div>
   <div class='ocr_carea' id='block_1_2' title="bbox 1374 228 1469 277">
    <p class='ocr_par' dir='ltr' id='par_1_2' title="bbox 1374 228 1469 277">
     <span class='ocr_line' id='line_1_2' title="bbox 1374 228 1469 277; baseline 0 -1"><span class='ocrx_word' id='word_1_2' title='bbox 1374 228 1469 277; x_wconf 79' lang='lat'>375</span> 
     </span>
    </p>
   </div>
   <div class='ocr_carea' id='block_1_3' title="bbox 229 341 1460 408">
    <p class='ocr_par' dir='ltr' id='par_1_3' title="bbox 229 341 1460 408">
     <span class='ocr_line' id='line_1_3' title="bbox 229 341 1460 408; baseline -0.003 -15"><span class='ocrx_word' id='word_1_3' title='bbox 229 342 332 394; x_wconf 78' lang='lat' dir='ltr'>LA.</span> <span class='ocrx_word' id='word_1_4' title='bbox 363 343 578 397; x_wconf 79' lang='lat' dir='ltr'>Facilem,</span> <span class='ocrx_word' id='word_1_5' title='bbox 610 343 967 408; x_wconf 83' lang='lat' dir='ltr'>beneuolumque</span> <span class='ocrx_word' id='word_1_6' title='bbox 999 341 1149 404; x_wconf 84' lang='lat' dir='ltr'>lingua</span> <span class='ocrx_word' id='word_1_7' title='bbox 1183 351 1256 390; x_wconf 80' lang='lat' dir='ltr'>tua</span> <span class='ocrx_word' id='word_1_8' title='bbox 1277 342 1362 388; x_wconf 84' lang='lat' dir='ltr'>iam</span> <span class='ocrx_word' id='word_1_9' title='bbox 1383 342 1460 390; x_wconf 83' lang='lat' dir='ltr'>tibi</span> 
     </span>
    </p>
   </div>
   <div class='ocr_carea' id='block_1_4' title="bbox 324 420 646 468">
    <p class='ocr_par' dir='ltr' id='par_1_4' title="bbox 324 420 646 468">
     <span class='ocr_line' id='line_1_4' title="bbox 324 420 646 468; baseline -0.006 0"><span class='ocrx_word' id='word_1_10' title='bbox 324 437 397 468; x_wconf 86' lang='lat' dir='ltr'>me</span> <span class='ocrx_word' id='word_1_11' title='bbox 426 420 646 467; x_wconf 78' lang='lat' dir='ltr'>reddidit:</span> 
     </span>
    </p>
   </div>
   <div class='ocr_carea' id='block_1_5' title="bbox 125 494 1457 566">
    <p class='ocr_par' dir='ltr' id='par_1_5' title="bbox 125 494 1457 566">
     <span class='ocr_line' id='line_1_5' title="bbox 125 494 1457 566; baseline -0.003 -20"><span class='ocrx_word' id='word_1_12' title='bbox 125 516 185 566; x_wconf 79' lang='lat'>35</span> <span class='ocrx_word' id='word_1_13' title='bbox 222 502 343 546; x_wconf 82' lang='lat' dir='ltr'>Nam</span> <span class='ocrx_word' id='word_1_14' title='bbox 374 513 466 544; x_wconf 87' lang='lat' dir='ltr'>non</span> <span class='ocrx_word' id='word_1_15' title='bbox 496 496 592 543; x_wconf 83' lang='lat' dir='ltr'>sunt</span> <span class='ocrx_word' id='word_1_16' title='bbox 623 496 734 544; x_wconf 80' lang='lat' dir='ltr'>solae</span> <span class='ocrx_word' id='word_1_17' title='bbox 765 494 991 544; x_wconf 81' lang='lat' dir='ltr'><strong>arbitratae</strong></span> <span class='ocrx_word' id='word_1_18' title='bbox 1020 494 1126 542; x_wconf 84' lang='lat' dir='ltr'><strong>hae:</strong></span> <span class='ocrx_word' id='word_1_19' title='bbox 1166 509 1254 556; x_wconf 87' lang='lat' dir='ltr'>ego</span> <span class='ocrx_word' id='word_1_20' title='bbox 1280 510 1457 559; x_wconf 86' lang='lat' dir='ltr'>quoque</span> 
     </span>
    </p>
   </div>
   <div class='ocr_carea' id='block_1_6' title="bbox 325 572 656 620">
    <p class='ocr_par' dir='ltr' id='par_1_6' title="bbox 325 572 656 620">
     <span class='ocr_line' id='line_1_6' title="bbox 325 572 656 620; baseline -0.009 0"><span class='ocrx_word' id='word_1_21' title='bbox 325 575 455 620; x_wconf 81' lang='lat' dir='ltr'>etiam</span> <span class='ocrx_word' id='word_1_22' title='bbox 478 572 656 620; x_wconf 85' lang='lat' dir='ltr'>credidi.</span> 
     </span>
    </p>
   </div>
   <div class='ocr_carea' id='block_1_7' title="bbox 219 643 1455 714">
    <p class='ocr_par' dir='ltr' id='par_1_7' title="bbox 219 643 1455 714">
     <span class='ocr_line' id='line_1_7' title="bbox 219 643 1455 714; baseline -0.003 -18"><span class='ocrx_word' id='word_1_23' title='bbox 219 654 359 699; x_wconf 85' lang='lat' dir='ltr'>Nunc</span> <span class='ocrx_word' id='word_1_24' title='bbox 389 665 528 712; x_wconf 89' lang='lat' dir='ltr'>quum</span> <span class='ocrx_word' id='word_1_25' title='bbox 558 664 644 710; x_wconf 88' lang='lat' dir='ltr'>ego</span> <span class='ocrx_word' id='word_1_26' title='bbox 671 659 718 696; x_wconf 86' lang='lat' dir='ltr'>te·</span> <span class='ocrx_word' id='word_1_27' title='bbox 748 644 831 695; x_wconf 82' lang='lat' dir='ltr'>effe</span> <span class='ocrx_word' id='word_1_28' title='bbox 861 657 1035 714; x_wconf 84' lang='lat' dir='ltr'>praeter</span> <span class='ocrx_word' id='word_1_29' title='bbox 1064 643 1255 694; x_wconf 83' lang='lat' dir='ltr'>nostram</span> <span class='ocrx_word' id='word_1_30' title='bbox 1287 647 1455 712; x_wconf 80' lang='lat' dir='ltr'>opinio-</span> 
     </span>
    </p>
   </div>
   <div class='ocr_carea' id='block_1_8' title="bbox 321 725 670 789">
    <p class='ocr_par' dir='ltr' id='par_1_8' title="bbox 321 725 670 789">
     <span class='ocr_line' id='line_1_8' title="bbox 321 725 670 789; baseline -0.006 -17"><span class='ocrx_word' id='word_1_31' title='bbox 321 742 423 772; x_wconf 85' lang='lat' dir='ltr'>nem</span> <span class='ocrx_word' id='word_1_32' title='bbox 450 725 645 789; x_wconf 85' lang='lat' dir='ltr'>comperi</span> <span class='ocrx_word' id='word_1_33' title='bbox 657 742 670 780; x_wconf 69' lang='grc' dir='ltr'><strong>ς</strong></span> 
     </span>
    </p>
   </div>
   <div class='ocr_carea' id='block_1_9' title="bbox 223 797 1453 866">
    <p class='ocr_par' dir='ltr' id='par_1_9' title="bbox 223 797 1453 866">
     <span class='ocr_line' id='line_1_9' title="bbox 223 797 1453 866; baseline -0.004 -18"><span class='ocrx_word' id='word_1_34' title='bbox 223 805 308 848; x_wconf 89' lang='lat' dir='ltr'>Fac</span> <span class='ocrx_word' id='word_1_35' title='bbox 342 801 496 847; x_wconf 83' lang='lat' dir='ltr'>eadem</span> <span class='ocrx_word' id='word_1_36' title='bbox 525 812 571 848; x_wconf 90' lang='lat' dir='ltr'>vt</span> <span class='ocrx_word' id='word_1_37' title='bbox 593 798 644 846; x_wconf 84' lang='lat' dir='ltr'>fis</span> <span class='ocrx_word' id='word_1_38' title='bbox 673 817 836 866; x_wconf 85' lang='lat' dir='ltr'>porro:</span> <span class='ocrx_word' id='word_1_39' title='bbox 873 797 1017 849; x_wconf 79' lang='lat' dir='ltr'>nostra</span> <span class='ocrx_word' id='word_1_40' title='bbox 1039 808 1161 848; x_wconf 83' lang='lat' dir='ltr'>vtere</span> <span class='ocrx_word' id='word_1_41' title='bbox 1180 797 1453 850; x_wconf 60' lang='lat' dir='ltr'>amicitiag‘vt</span> 
     </span>
    </p>
   </div>
   <div class='ocr_carea' id='block_1_10' title="bbox 319 876 456 924">
    <p class='ocr_par' dir='ltr' id='par_1_10' title="bbox 319 876 456 924">
     <span class='ocr_line' id='line_1_10' title="bbox 319 876 456 924; baseline -0.015 0"><span class='ocrx_word' id='word_1_42' title='bbox 319 876 456 924; x_wconf 86' lang='lat' dir='ltr'>voles.</span> 
     </span>
    </p>
   </div>
   <div class='ocr_carea' id='block_1_11' title="bbox 219 949 1451 1093">
    <p class='ocr_par' dir='ltr' id='par_1_11' title="bbox 219 949 1451 1093">
     <span class='ocr_line' id='line_1_11' title="bbox 219 949 1451 1017; baseline -0.006 -15"><span class='ocrx_word' id='word_1_43' title='bbox 219 953 359 1002; x_wconf 74' lang='lat' dir='ltr'>Aliter</span> <span class='ocrx_word' id='word_1_44' title='bbox 380 949 410 997; x_wconf 83' lang='lat' dir='ltr'>fi</span> <span class='ocrx_word' id='word_1_45' title='bbox 432 951 557 999; x_wconf 79' lang='lat' dir='ltr'>facias</span> <span class='ocrx_word' id='word_1_46' title='bbox 571 965 588 998; x_wconf 69' lang='lat' dir='ltr'>t</span> <span class='ocrx_word' id='word_1_47' title='bbox 617 949 686 998; x_wconf 88' lang='lat' dir='ltr'>sed</span> <span class='ocrx_word' id='word_1_48' title='bbox 706 952 944 1017; x_wconf 82' lang='lat' dir='ltr'>reprimam</span> <span class='ocrx_word' id='word_1_49' title='bbox 966 967 1068 1006; x_wconf 70' lang='lat' dir='ltr'>me,</span> <span class='ocrx_word' id='word_1_50' title='bbox 1099 966 1157 999; x_wconf 88' lang='lat' dir='ltr'>ne</span> <span class='ocrx_word' id='word_1_51' title='bbox 1187 964 1315 1011; x_wconf 84' lang='lat' dir='ltr'>aegre</span> <span class='ocrx_word' id='word_1_52' title='bbox 1335 949 1451 1013; x_wconf 86' lang='lat' dir='ltr'>quic-</span> 
     </span>
     <span class='ocr_line' id='line_1_12' title="bbox 318 1027 803 1093; baseline 0 -18"><span class='ocrx_word' id='word_1_53' title='bbox 318 1044 450 1093; x_wconf 84' lang='lat' dir='ltr'>quam</span> <span class='ocrx_word' id='word_1_54' title='bbox 474 1044 525 1075; x_wconf 80' lang='lat' dir='ltr'>ex</span> <span class='ocrx_word' id='word_1_55' title='bbox 545 1043 617 1074; x_wconf 87' lang='lat' dir='ltr'>me</span> <span class='ocrx_word' id='word_1_56' title='bbox 641 1027 803 1076; x_wconf 79' lang='lat' dir='ltr'><strong>audias.</strong></span> 
     </span>
    </p>
   </div>
   <div class='ocr_carea' id='block_1_12' title="bbox 68 1246 736 1808">
    <p class='ocr_par' dir='ltr' id='par_1_12' title="bbox 68 1246 736 1808">
     <span class='ocr_line' id='line_1_13' title="bbox 79 1246 736 1302; baseline 0 -14"><span class='ocrx_word' id='word_1_57' title='bbox 79 1248 148 1295; x_wconf 73' lang='lat' dir='ltr'>bis,</span> <span class='ocrx_word' id='word_1_58' title='bbox 169 1259 210 1289; x_wconf 79' lang='lat' dir='ltr'>et</span> <span class='ocrx_word' id='word_1_59' title='bbox 227 1248 420 1300; x_wconf 72' lang='lat' dir='ltr'>praestare</span> <span class='ocrx_word' id='word_1_60' title='bbox 432 1249 517 1289; x_wconf 78' lang='lat' dir='ltr'>aI-iis</span> <span class='ocrx_word' id='word_1_61' title='bbox 527 1246 736 1302; x_wconf 69' lang='lat' dir='ltr'>poffumns.</span> 
     </span>
     <span class='ocr_line' id='line_1_14' title="bbox 79 1305 735 1356; baseline -0.002 -10"><span class='ocrx_word' id='word_1_62' title='bbox 79 1306 292 1346; x_wconf 75' lang='lat' dir='ltr'>Immerito.-</span> <span class='ocrx_word' id='word_1_63' title='bbox 329 1320 413 1345; x_wconf 79' lang='lat' dir='ltr'>nam</span> <span class='ocrx_word' id='word_1_64' title='bbox 439 1309 590 1345; x_wconf 79' lang='lat' dir='ltr'>meritus</span> <span class='ocrx_word' id='word_1_65' title='bbox 619 1305 665 1356; x_wconf 71' lang='lat' dir='ltr'>est</span> <span class='ocrx_word' id='word_1_66' title='bbox 694 1306 735 1345; x_wconf 87' lang='lat' dir='ltr'>de</span> 
     </span>
     <span class='ocr_line' id='line_1_15' title="bbox 78 1362 734 1416; baseline -0.002 -13"><span class='ocrx_word' id='word_1_67' title='bbox 78 1368 152 1416; x_wconf 67' lang='lat' dir='ltr'>me]</span> <span class='ocrx_word' id='word_1_68' title='bbox 191 1362 384 1409; x_wconf 70' lang='grc' dir='ltr'><strong><em>Πωςόμοων.</em></strong></span> <span class='ocrx_word' id='word_1_69' title='bbox 452 1363 554 1401; x_wconf 81' lang='lat' dir='ltr'>Nam</span> <span class='ocrx_word' id='word_1_70' title='bbox 579 1364 734 1402; x_wconf 82' lang='lat' dir='ltr'>meritus</span> 
     </span>
     <span class='ocr_line' id='line_1_16' title="bbox 76 1417 735 1471; baseline -0.002 -13"><span class='ocrx_word' id='word_1_71' title='bbox 76 1421 124 1459; x_wconf 77' lang='lat' dir='ltr'>de</span> <span class='ocrx_word' id='word_1_72' title='bbox 139 1433 192 1457; x_wconf 83' lang='lat' dir='ltr'>me</span> <span class='ocrx_word' id='word_1_73' title='bbox 211 1418 277 1469; x_wconf 83' lang='lat' dir='ltr'>est,</span> <span class='ocrx_word' id='word_1_74' title='bbox 306 1417 410 1471; x_wconf 83' lang='lat' dir='ltr'><em>quod</em></span> <span class='ocrx_word' id='word_1_75' title='bbox 436 1431 583 1470; x_wconf 78' lang='lat' dir='ltr'>queam,</span> <span class='ocrx_word' id='word_1_76' title='bbox 613 1417 666 1455; x_wconf 83' lang='lat' dir='ltr'><em>illi</em></span> <span class='ocrx_word' id='word_1_77' title='bbox 692 1431 735 1457; x_wconf 85' lang='lat' dir='ltr'>vt</span> 
     </span>
     <span class='ocr_line' id='line_1_17' title="bbox 78 1471 735 1527; baseline -0.005 -13"><span class='ocrx_word' id='word_1_78' title='bbox 78 1474 312 1527; x_wconf 80' lang='lat' dir='ltr'>commodem]</span> <span class='ocrx_word' id='word_1_79' title='bbox 347 1477 397 1514; x_wconf 86' lang='lat' dir='ltr'>Et</span> <span class='ocrx_word' id='word_1_80' title='bbox 432 1473 505 1512; x_wconf 86' lang='lat' dir='ltr'>hoc</span> <span class='ocrx_word' id='word_1_81' title='bbox 534 1471 735 1512; x_wconf 76' lang='lat' dir='ltr'>artificiose</span> 
     </span>
     <span class='ocr_line' id='line_1_18' title="bbox 75 1531 730 1575; baseline -0.006 -4"><span class='ocrx_word' id='word_1_82' title='bbox 75 1531 304 1575; x_wconf 83' lang='lat' dir='ltr'>Terentius,</span> <span class='ocrx_word' id='word_1_83' title='bbox 335 1542 388 1568; x_wconf 82' lang='lat' dir='ltr'>ne</span> <span class='ocrx_word' id='word_1_84' title='bbox 408 1531 466 1568; x_wconf 68' lang='lat' dir='ltr'>ve}</span> <span class='ocrx_word' id='word_1_85' title='bbox 486 1531 730 1568; x_wconf 71' lang='lat' dir='ltr'>meretricem</span> 
     </span>
     <span class='ocr_line' id='line_1_19' title="bbox 73 1584 729 1640; baseline -0.005 -14"><span class='ocrx_word' id='word_1_86' title='bbox 73 1587 174 1626; x_wconf 85' lang='lat' dir='ltr'>dure</span> <span class='ocrx_word' id='word_1_87' title='bbox 209 1601 231 1624; x_wconf 88' lang='lat' dir='ltr'>a</span> <span class='ocrx_word' id='word_1_88' title='bbox 261 1585 460 1637; x_wconf 78' lang='lat' dir='ltr'>Pamphilo</span> <span class='ocrx_word' id='word_1_89' title='bbox 495 1584 729 1640; x_wconf 80' lang='lat' dir='ltr'><strong>segregaret.</strong></span> 
     </span>
     <span class='ocr_line' id='line_1_20' title="bbox 71 1640 730 1696; baseline -0.003 -15"><span class='ocrx_word' id='word_1_90' title='bbox 71 1642 190 1696; x_wconf 66' lang='lat' dir='ltr'>Qud</span> <span class='ocrx_word' id='word_1_91' title='bbox 208 1655 347 1695; x_wconf 81' lang='lat' dir='ltr'><em>queam,</em></span> <span class='ocrx_word' id='word_1_92' title='bbox 366 1640 420 1681; x_wconf 81' lang='lat' dir='ltr'><em>illi</em></span> <span class='ocrx_word' id='word_1_93' title='bbox 438 1655 480 1680; x_wconf 79' lang='lat' dir='ltr'>vt</span> <span class='ocrx_word' id='word_1_94' title='bbox 491 1640 730 1696; x_wconf 78' lang='lat' dir='ltr'>commodem]</span> 
     </span>
     <span class='ocr_line' id='line_1_21' title="bbox 71 1697 726 1753; baseline -0.005 -14"><span class='ocrx_word' id='word_1_95' title='bbox 71 1701 133 1740; x_wconf 89' lang='lat' dir='ltr'>Sic</span> <span class='ocrx_word' id='word_1_96' title='bbox 161 1699 203 1737; x_wconf 85' lang='lat' dir='ltr'>in</span> <span class='ocrx_word' id='word_1_97' title='bbox 224 1697 392 1745; x_wconf 84' lang='lat' dir='ltr'>Andria,</span> <span class='ocrx_word' id='word_1_98' title='bbox 422 1699 548 1753; x_wconf 80' lang='lat' dir='ltr'><em>Magis</em></span> <span class='ocrx_word' id='word_1_99' title='bbox 574 1697 616 1735; x_wconf 79' lang='lat' dir='ltr'>id</span> <span class='ocrx_word' id='word_1_100' title='bbox 635 1698 726 1736; x_wconf 77' lang='lat' dir='ltr'><em>adeo</em></span> 
     </span>
     <span class='ocr_line' id='line_1_22' title="bbox 68 1754 726 1808; baseline -0.003 -14"><span class='ocrx_word' id='word_1_101' title='bbox 68 1755 160 1795; x_wconf 73' lang='lat' dir='ltr'>mhi</span> <span class='ocrx_word' id='word_1_102' title='bbox 186 1768 228 1794; x_wconf 85' lang='lat' dir='ltr'>vt</span> <span class='ocrx_word' id='word_1_103' title='bbox 252 1754 515 1799; x_wconf 84' lang='lat' dir='ltr'><em>incommodet,</em></span> <span class='ocrx_word' id='word_1_104' title='bbox 547 1766 657 1808; x_wconf 83' lang='lat' dir='ltr'>quam</span> <span class='ocrx_word' id='word_1_105' title='bbox 683 1766 726 1793; x_wconf 81' lang='lat' dir='ltr'>vt</span> 
     </span>
    </p>
   </div>
   <div class='ocr_carea' id='block_1_13' title="bbox 71 1811 537 1865">
    <p class='ocr_par' dir='ltr' id='par_1_13' title="bbox 71 1811 537 1865">
     <span class='ocr_line' id='line_1_23' title="bbox 71 1811 537 1865; baseline -0.006 -14"><span class='ocrx_word' id='word_1_106' title='bbox 71 1812 289 1865; x_wconf 77' lang='lat' dir='ltr'><em>ohftquatur</em></span> <span class='ocrx_word' id='word_1_107' title='bbox 305 1823 434 1865; x_wconf 77' lang='lat' dir='ltr'>gnam.</span> <span class='ocrx_word' id='word_1_108' title='bbox 488 1811 537 1850; x_wconf 90' lang='lat' dir='ltr'>D.</span> 
     </span>
    </p>
   </div>
   <div class='ocr_carea' id='block_1_14' title="bbox 54 1863 725 2025">
    <p class='ocr_par' dir='ltr' id='par_1_14' title="bbox 54 1863 725 2025">
     <span class='ocr_line' id='line_1_24' title="bbox 124 1863 725 1922; baseline -0.002 -16"><span class='ocrx_word' id='word_1_109' title='bbox 124 1880 180 1922; x_wconf 78' lang='lat'>34</span> <span class='ocrx_word' id='word_1_110' title='bbox 225 1866 401 1914; x_wconf 82' lang='lat' dir='ltr'><em>Facilem,</em></span> <span class='ocrx_word' id='word_1_111' title='bbox 450 1863 725 1919; x_wconf 80' lang='lat' dir='ltr'>beneuolumque</span> 
     </span>
     <span class='ocr_line' id='line_1_25' title="bbox 68 1921 721 1980; baseline -0.005 -17"><span class='ocrx_word' id='word_1_112' title='bbox 68 1923 200 1980; x_wconf 67' lang='lat' dir='ltr'><em>lingua</em></span> <span class='ocrx_word' id='word_1_113' title='bbox 227 1922 308 1971; x_wconf 77' lang='lat' dir='ltr'><em>tua]</em></span> <span class='ocrx_word' id='word_1_114' title='bbox 339 1922 498 1962; x_wconf 80' lang='lat' dir='ltr'><em>Facilem</em></span> <span class='ocrx_word' id='word_1_115' title='bbox 523 1921 574 1961; x_wconf 85' lang='lat' dir='ltr'>ad</span> <span class='ocrx_word' id='word_1_116' title='bbox 591 1935 721 1974; x_wconf 76' lang='lat' dir='ltr'>pecca-</span> 
     </span>
     <span class='ocr_line' id='line_1_26' title="bbox 54 1977 724 2025; baseline -0.006 -4"><span class='ocrx_word' id='word_1_117' title='bbox 54 1992 161 2025; x_wconf 58' lang='grc' dir='ltr'>Αωῐτι,</span> <span class='ocrx_word' id='word_1_118' title='bbox 179 1977 398 2019; x_wconf 81' lang='lat' dir='ltr'><em>Beneuolum</em></span> <span class='ocrx_word' id='word_1_119' title='bbox 419 1977 465 2017; x_wconf 83' lang='lat' dir='ltr'>ad</span> <span class='ocrx_word' id='word_1_120' title='bbox 486 1978 724 2017; x_wconf 78' lang='lat' dir='ltr'>iracundiam</span> 
     </span>
    </p>
   </div>
   <div class='ocr_carea' id='block_1_15' title="bbox 67 2032 723 2091">
    <p class='ocr_par' dir='ltr' id='par_1_15' title="bbox 67 2032 723 2091">
     <span class='ocr_line' id='line_1_27' title="bbox 67 2032 723 2091; baseline -0.008 -14"><span class='ocrx_word' id='word_1_121' title='bbox 67 2037 204 2077; x_wconf 82' lang='lat' dir='ltr'><strong>retulit.</strong></span> <span class='ocrx_word' id='word_1_122' title='bbox 262 2036 406 2091; x_wconf 84' lang='lat' dir='ltr'><em>Lingua</em></span> <span class='ocrx_word' id='word_1_123' title='bbox 436 2037 518 2085; x_wconf 86' lang='lat' dir='ltr'><em>tua]</em></span> <span class='ocrx_word' id='word_1_124' title='bbox 550 2032 723 2076; x_wconf 85' lang='lat' dir='ltr'>Consue-</span> 
     </span>
    </p>
   </div>
   <div class='ocr_carea' id='block_1_16' title="bbox 0 2081 1213 2145">
    <p class='ocr_par' dir='ltr' id='par_1_16' title="bbox 0 2081 1213 2145">
     <span class='ocr_line' id='line_1_28' title="bbox 0 2081 1213 2145; baseline -0.006 -13"><span class='ocrx_word' id='word_1_125' title='bbox 0 2081 7 2091; x_wconf 53' lang='lat'>⁸</span> <span class='ocrx_word' id='word_1_126' title='bbox 66 2093 200 2132; x_wconf 80' lang='lat' dir='ltr'>tudine</span> <span class='ocrx_word' id='word_1_127' title='bbox 218 2092 353 2145; x_wconf 79' lang='lat' dir='ltr'>magis,</span> <span class='ocrx_word' id='word_1_128' title='bbox 373 2104 486 2142; x_wconf 86' lang='lat' dir='ltr'>quam</span> <span class='ocrx_word' id='word_1_129' title='bbox 506 2090 723 2130; x_wconf 82' lang='lat' dir='ltr'>rationedi-</span> <span class='ocrx_word' id='word_1_130' title='bbox 761 2092 888 2145; x_wconf 69' lang='lat' dir='ltr'><em>finis,</em></span> <span class='ocrx_word' id='word_1_131' title='bbox 922 2091 1126 2144; x_wconf 59' lang='lat' dir='ltr'><em>faduraue</em></span> <span class='ocrx_word' id='word_1_132' title='bbox 1167 2100 1213 2126; x_wconf 73' lang='lat' dir='ltr'>er.</span> 
     </span>
    </p>
   </div>
   <div class='ocr_carea' id='block_1_17' title="bbox 54 2145 720 2702">
    <p class='ocr_par' dir='ltr' id='par_1_17' title="bbox 54 2145 720 2427">
     <span class='ocr_line' id='line_1_29' title="bbox 66 2145 720 2202; baseline -0.006 -14"><span class='ocrx_word' id='word_1_133' title='bbox 66 2150 131 2196; x_wconf 81' lang='lat' dir='ltr'>cit,</span> <span class='ocrx_word' id='word_1_134' title='bbox 151 2149 227 2187; x_wconf 84' lang='lat' dir='ltr'>Tua</span> <span class='ocrx_word' id='word_1_135' title='bbox 245 2147 383 2202; x_wconf 85' lang='lat' dir='ltr'><em>lingua.</em></span> <span class='ocrx_word' id='word_1_136' title='bbox 411 2159 505 2199; x_wconf 83' lang='lat' dir='ltr'>ergo</span> <span class='ocrx_word' id='word_1_137' title='bbox 518 2160 586 2198; x_wconf 85' lang='lat' dir='ltr'>pro</span> <span class='ocrx_word' id='word_1_138' title='bbox 597 2145 720 2185; x_wconf 87' lang='lat' dir='ltr'>homi-</span> 
     </span>
     <span class='ocr_line' id='line_1_30' title="bbox 67 2201 720 2257; baseline -0.006 -13"><span class='ocrx_word' id='word_1_139' title='bbox 67 2202 225 2256; x_wconf 83' lang='lat' dir='ltr'>neipso.</span> <span class='ocrx_word' id='word_1_140' title='bbox 282 2203 608 2257; x_wconf 79' lang='lat' dir='ltr'>Linguamaiam]</span> <span class='ocrx_word' id='word_1_141' title='bbox 627 2201 720 2242; x_wconf 85' lang='lat' dir='ltr'>Sub-</span> 
     </span>
     <span class='ocr_line' id='line_1_31' title="bbox 65 2258 717 2313; baseline -0.003 -15"><span class='ocrx_word' id='word_1_142' title='bbox 65 2260 261 2313; x_wconf 80' lang='lat' dir='ltr'>distingue</span> <span class='ocrx_word' id='word_1_143' title='bbox 280 2258 384 2297; x_wconf 83' lang='lat' dir='ltr'>Iam:</span> <span class='ocrx_word' id='word_1_144' title='bbox 409 2267 450 2297; x_wconf 88' lang='lat' dir='ltr'>vt</span> <span class='ocrx_word' id='word_1_145' title='bbox 471 2268 662 2309; x_wconf 82' lang='lat' dir='ltr'>appareat,</span> <span class='ocrx_word' id='word_1_146' title='bbox 677 2258 717 2298; x_wconf 89' lang='lat' dir='ltr'>Si</span> 
     </span>
     <span class='ocr_line' id='line_1_32' title="bbox 64 2314 719 2370; baseline -0.005 -15"><span class='ocrx_word' id='word_1_147' title='bbox 64 2317 193 2370; x_wconf 81' lang='lat' dir='ltr'><em>lingua</em></span> <span class='ocrx_word' id='word_1_148' title='bbox 219 2327 284 2354; x_wconf 82' lang='lat' dir='ltr'>tua</span> <span class='ocrx_word' id='word_1_149' title='bbox 312 2316 406 2362; x_wconf 86' lang='lat' dir='ltr'>iam,</span> <span class='ocrx_word' id='word_1_150' title='bbox 433 2326 580 2365; x_wconf 85' lang='lat' dir='ltr'>quanto</span> <span class='ocrx_word' id='word_1_151' title='bbox 597 2314 719 2366; x_wconf 82' lang='lat' dir='ltr'>magis</span> 
     </span>
     <span class='ocr_line' id='line_1_33' title="bbox 54 2373 279 2427; baseline -0.022 -14"><span class='ocrx_word' id='word_1_152' title='bbox 54 2374 175 2427; x_wconf 66' lang='lat' dir='ltr'><em>saeta.</em></span> <span class='ocrx_word' id='word_1_153' title='bbox 230 2373 279 2409; x_wconf 82' lang='grc' dir='ltr'>ι).</span> 
     </span>
    </p>

    <p class='ocr_par' dir='ltr' id='par_1_18' title="bbox 57 2423 719 2702">
     <span class='ocr_line' id='line_1_34' title="bbox 116 2423 716 2481; baseline -0.008 -14"><span class='ocrx_word' id='word_1_154' title='bbox 116 2439 170 2481; x_wconf 83' lang='lat'>35</span> <span class='ocrx_word' id='word_1_155' title='bbox 201 2427 300 2466; x_wconf 87' lang='lat' dir='ltr'>Nam</span> <span class='ocrx_word' id='word_1_156' title='bbox 325 2438 400 2464; x_wconf 85' lang='lat' dir='ltr'>non</span> <span class='ocrx_word' id='word_1_157' title='bbox 413 2423 510 2475; x_wconf 72' lang='lat' dir='ltr'>fiant</span> <span class='ocrx_word' id='word_1_158' title='bbox 524 2423 630 2474; x_wconf 78' lang='lat' dir='ltr'><em>fhlae</em></span> <span class='ocrx_word' id='word_1_159' title='bbox 658 2437 716 2462; x_wconf 81' lang='lat' dir='ltr'>ar-</span> 
     </span>
     <span class='ocr_line' id='line_1_35' title="bbox 60 2478 715 2532; baseline -0.006 -9"><span class='ocrx_word' id='word_1_160' title='bbox 60 2483 224 2524; x_wconf 74' lang='lat' dir='ltr'><em>bitratae</em></span> <span class='ocrx_word' id='word_1_161' title='bbox 253 2483 334 2532; x_wconf 82' lang='lat' dir='ltr'><em>hae]</em></span> <span class='ocrx_word' id='word_1_162' title='bbox 365 2483 476 2520; x_wconf 82' lang='lat' dir='ltr'>Nunc</span> <span class='ocrx_word' id='word_1_163' title='bbox 509 2478 648 2518; x_wconf 84' lang='lat' dir='ltr'>fatetur</span> <span class='ocrx_word' id='word_1_164' title='bbox 677 2479 715 2519; x_wconf 86' lang='lat' dir='ltr'>se</span> 
     </span>
     <span class='ocr_line' id='line_1_36' title="bbox 58 2533 712 2592; baseline -0.006 -13"><span class='ocrx_word' id='word_1_165' title='bbox 58 2551 218 2592; x_wconf 81' lang='lat' dir='ltr'>quoque</span> <span class='ocrx_word' id='word_1_166' title='bbox 271 2534 528 2576; x_wconf 78' lang='lat' dir='ltr'>accusatorem</span> <span class='ocrx_word' id='word_1_167' title='bbox 576 2533 712 2575; x_wconf 85' lang='lat' dir='ltr'>fuisse:</span> 
     </span>
     <span class='ocr_line' id='line_1_37' title="bbox 57 2589 719 2636; baseline -0.008 0"><span class='ocrx_word' id='word_1_168' title='bbox 57 2609 163 2636; x_wconf 87' lang='lat' dir='ltr'>nunc</span> <span class='ocrx_word' id='word_1_169' title='bbox 193 2606 280 2633; x_wconf 77' lang='lat' dir='ltr'>vero</span> <span class='ocrx_word' id='word_1_170' title='bbox 301 2592 539 2632; x_wconf 83' lang='lat' dir='ltr'>beneuolum</span> <span class='ocrx_word' id='word_1_171' title='bbox 558 2589 719 2631; x_wconf 62' lang='lat' dir='ltr'>faihum</span> 
     </span>
     <span class='ocr_line' id='line_1_38' title="bbox 60 2647 714 2702; baseline -0.009 -11"><span class='ocrx_word' id='word_1_172' title='bbox 60 2653 153 2702; x_wconf 83' lang='lat' dir='ltr'><em>Hae]</em></span> <span class='ocrx_word' id='word_1_173' title='bbox 181 2653 285 2693; x_wconf 86' lang='lat' dir='ltr'>Cum</span> <span class='ocrx_word' id='word_1_174' title='bbox 305 2650 487 2695; x_wconf 67' lang='grc' dir='ltr'>ἂππροῷῇ.</span> <span class='ocrx_word' id='word_1_175' title='bbox 539 2647 714 2702; x_wconf 83' lang='lat' dir='ltr'><em>Egoquo-</em></span> 
     </span>
    </p>
   </div>
   <div class='ocr_carea' id='block_1_18' title="bbox 61 2703 713 2762">
    <p class='ocr_par' dir='ltr' id='par_1_19' title="bbox 61 2703 713 2762">
     <span class='ocr_line' id='line_1_39' title="bbox 61 2703 713 2762; baseline -0.012 -14"><span class='ocrx_word' id='word_1_176' title='bbox 61 2721 125 2762; x_wconf 70' lang='lat' dir='ltr'>qye</span> <span class='ocrx_word' id='word_1_177' title='bbox 147 2707 212 2747; x_wconf 79' lang='lat' dir='ltr'>hoc</span> <span class='ocrx_word' id='word_1_178' title='bbox 232 2710 340 2745; x_wconf 72' lang='lat' dir='ltr'>etiam</span> <span class='ocrx_word' id='word_1_179' title='bbox 366 2703 524 2756; x_wconf 70' lang='lat' dir='ltr'>credidae]</span> <span class='ocrx_word' id='word_1_180' title='bbox 555 2706 713 2761; x_wconf 64' lang='lat' dir='ltr'><strong><em>Quoque</em></strong></span> 
     </span>
    </p>
   </div>
   <div class='ocr_carea' id='block_1_19' title="bbox 1359 1100 1449 1148">
    <p class='ocr_par' dir='ltr' id='par_1_20' title="bbox 1359 1100 1449 1148">
     <span class='ocr_line' id='line_1_40' title="bbox 1359 1100 1449 1148; baseline -0.022 0"><span class='ocrx_word' id='word_1_181' title='bbox 1359 1100 1449 1148; x_wconf 79' lang='lat' dir='ltr'>vc-</span> 
     </span>
    </p>
   </div>
   <div class='ocr_carea' id='block_1_20' title="bbox 762 1243 1447 2813">
    <p class='ocr_par' dir='ltr' id='par_1_21' title="bbox 786 1243 1445 1402">
     <span class='ocr_line' id='line_1_41' title="bbox 786 1243 1445 1300; baseline -0.014 -10"><span class='ocrx_word' id='word_1_182' title='bbox 786 1260 825 1290; x_wconf 89' lang='lat' dir='ltr'>et</span> <span class='ocrx_word' id='word_1_183' title='bbox 869 1252 996 1291; x_wconf 69' lang='lat' dir='ltr'><em>Etiam</em></span> <span class='ocrx_word' id='word_1_184' title='bbox 1042 1246 1283 1300; x_wconf 85' lang='lat' dir='ltr'>superuacue</span> <span class='ocrx_word' id='word_1_185' title='bbox 1325 1243 1445 1296; x_wconf 81' lang='lat' dir='ltr'>posita</span> 
     </span>
     <span class='ocr_line' id='line_1_42' title="bbox 786 1302 1445 1347; baseline -0.008 -2"><span class='ocrx_word' id='word_1_186' title='bbox 786 1303 890 1347; x_wconf 83' lang='lat' dir='ltr'>sunt:</span> <span class='ocrx_word' id='word_1_187' title='bbox 924 1305 988 1346; x_wconf 82' lang='lat' dir='ltr'>sed</span> <span class='ocrx_word' id='word_1_188' title='bbox 1015 1305 1076 1344; x_wconf 76' lang='lat' dir='ltr'>hic</span> <span class='ocrx_word' id='word_1_189' title='bbox 1108 1302 1445 1343; x_wconf 80' lang='lat' dir='ltr'>confirmationem</span> 
     </span>
     <span class='ocr_line' id='line_1_43' title="bbox 786 1363 1114 1402; baseline -0.009 0"><span class='ocrx_word' id='word_1_190' title='bbox 786 1363 1005 1402; x_wconf 79' lang='lat' dir='ltr'>ostendunt.</span> <span class='ocrx_word' id='word_1_191' title='bbox 1064 1363 1114 1400; x_wconf 91' lang='lat' dir='ltr'>D.</span> 
     </span>
    </p>

    <p class='ocr_par' dir='ltr' id='par_1_22' title="bbox 779 1414 1447 1627">
     <span class='ocr_line' id='line_1_44' title="bbox 840 1414 1441 1460; baseline -0.017 -1"><span class='ocrx_word' id='word_1_192' title='bbox 840 1423 913 1459; x_wconf 80' lang='lat' dir='ltr'>Pro</span> <span class='ocrx_word' id='word_1_193' title='bbox 937 1420 1019 1458; x_wconf 83' lang='lat' dir='ltr'>Hae</span> <span class='ocrx_word' id='word_1_194' title='bbox 1046 1417 1122 1455; x_wconf 86' lang='lat' dir='ltr'>duo</span> <span class='ocrx_word' id='word_1_195' title='bbox 1142 1415 1228 1454; x_wconf 85' lang='lat' dir='ltr'><strong>libri</strong></span> <span class='ocrx_word' id='word_1_196' title='bbox 1250 1414 1368 1460; x_wconf 66' lang='lat' dir='ltr'>Haec,</span> <span class='ocrx_word' id='word_1_197' title='bbox 1403 1420 1441 1450; x_wconf 83' lang='lat' dir='ltr'>vt</span> 
     </span>
     <span class='ocr_line' id='line_1_45' title="bbox 783 1466 1441 1526; baseline -0.014 -12"><span class='ocrx_word' id='word_1_198' title='bbox 783 1472 899 1526; x_wconf 84' lang='lat' dir='ltr'>saepe</span> <span class='ocrx_word' id='word_1_199' title='bbox 926 1485 1029 1513; x_wconf 85' lang='lat' dir='ltr'>ante.</span> <span class='ocrx_word' id='word_1_200' title='bbox 1082 1476 1187 1512; x_wconf 85' lang='lat' dir='ltr'>Tum</span> <span class='ocrx_word' id='word_1_201' title='bbox 1219 1481 1357 1509; x_wconf 89' lang='lat' dir='ltr'>omnes</span> <span class='ocrx_word' id='word_1_202' title='bbox 1378 1466 1441 1505; x_wconf 86' lang='lat' dir='ltr'>ha-</span> 
     </span>
     <span class='ocr_line' id='line_1_46' title="bbox 784 1524 1447 1584; baseline -0.008 -17"><span class='ocrx_word' id='word_1_203' title='bbox 784 1530 900 1579; x_wconf 85' lang='lat' dir='ltr'>bent,</span> <span class='ocrx_word' id='word_1_204' title='bbox 942 1529 1026 1584; x_wconf 84' lang='lat' dir='ltr'>Ego</span> <span class='ocrx_word' id='word_1_205' title='bbox 1054 1540 1195 1582; x_wconf 80' lang='lat' dir='ltr'><em>quoque</em></span> <span class='ocrx_word' id='word_1_206' title='bbox 1221 1528 1334 1565; x_wconf 79' lang='lat' dir='ltr'><em>etiam</em></span> <span class='ocrx_word' id='word_1_207' title='bbox 1363 1524 1447 1563; x_wconf 63' lang='lat' dir='ltr'>hoc&lt;</span> 
     </span>
     <span class='ocr_line' id='line_1_47' title="bbox 779 1587 1031 1627; baseline -0.008 -1"><span class='ocrx_word' id='word_1_208' title='bbox 779 1587 929 1626; x_wconf 86' lang='lat' dir='ltr'>credidi.</span> <span class='ocrx_word' id='word_1_209' title='bbox 988 1588 1031 1627; x_wconf 90' lang='lat' dir='ltr'>B.</span> 
     </span>
    </p>

    <p class='ocr_par' dir='ltr' id='par_1_23' title="bbox 767 1636 1438 1852">
     <span class='ocr_line' id='line_1_48' title="bbox 834 1636 1436 1696; baseline -0.023 -11"><span class='ocrx_word' id='word_1_210' title='bbox 834 1646 887 1696; x_wconf 86' lang='lat'>36</span> <span class='ocrx_word' id='word_1_211' title='bbox 919 1643 1076 1681; x_wconf 79' lang='lat' dir='ltr'><em>Praeter</em></span> <span class='ocrx_word' id='word_1_212' title='bbox 1101 1637 1264 1691; x_wconf 82' lang='lat' dir='ltr'><em>nostram</em></span> <span class='ocrx_word' id='word_1_213' title='bbox 1293 1636 1436 1687; x_wconf 86' lang='lat' dir='ltr'><em>opinio-</em></span> 
     </span>
     <span class='ocr_line' id='line_1_49' title="bbox 775 1693 1438 1753; baseline -0.017 -15"><span class='ocrx_word' id='word_1_214' title='bbox 775 1699 871 1753; x_wconf 84' lang='lat' dir='ltr'>nem]</span> <span class='ocrx_word' id='word_1_215' title='bbox 904 1701 974 1738; x_wconf 87' lang='lat' dir='ltr'>Pro</span> <span class='ocrx_word' id='word_1_216' title='bbox 994 1697 1153 1737; x_wconf 77' lang='lat' dir='ltr'>Contra.</span> <span class='ocrx_word' id='word_1_217' title='bbox 1207 1693 1438 1732; x_wconf 73' lang='lat' dir='ltr'>Praeterm-</span> 
     </span>
     <span class='ocr_line' id='line_1_50' title="bbox 767 1747 1436 1807; baseline -0.015 -12"><span class='ocrx_word' id='word_1_218' title='bbox 767 1755 884 1807; x_wconf 82' lang='lat' dir='ltr'>stram</span> <span class='ocrx_word' id='word_1_219' title='bbox 906 1752 1130 1807; x_wconf 82' lang='lat' dir='ltr'><em>opinionem]</em></span> <span class='ocrx_word' id='word_1_220' title='bbox 1160 1753 1246 1791; x_wconf 90' lang='lat' dir='ltr'>Hoc</span> <span class='ocrx_word' id='word_1_221' title='bbox 1273 1747 1345 1798; x_wconf 87' lang='lat' dir='ltr'>est,</span> <span class='ocrx_word' id='word_1_222' title='bbox 1377 1748 1436 1786; x_wconf 87' lang='lat' dir='ltr'>iu·</span> 
     </span>
     <span class='ocr_line' id='line_1_51' title="bbox 775 1813 1051 1852; baseline -0.007 -2"><span class='ocrx_word' id='word_1_223' title='bbox 775 1813 943 1851; x_wconf 82' lang='lat' dir='ltr'>noxiam.</span> <span class='ocrx_word' id='word_1_224' title='bbox 1001 1813 1051 1852; x_wconf 90' lang='lat' dir='ltr'>D.</span> 
     </span>
    </p>

    <p class='ocr_par' dir='ltr' id='par_1_24' title="bbox 767 1857 1434 2251">
     <span class='ocr_line' id='line_1_52' title="bbox 829 1857 1429 1953; baseline -0.017 -46"><span class='ocrx_word' id='word_1_225' title='bbox 829 1879 883 1921; x_wconf 82' lang='lat'>37</span> <span class='ocrx_word' id='word_1_226' title='bbox 913 1867 988 1906; x_wconf 82' lang='lat' dir='ltr'>Fac</span> <span class='ocrx_word' id='word_1_227' title='bbox 1016 1864 1136 1903; x_wconf 81' lang='lat' dir='ltr'><em>eadem</em></span> <span class='ocrx_word' id='word_1_228' title='bbox 1158 1875 1202 1902; x_wconf 83' lang='lat' dir='ltr'>vt</span> <span class='ocrx_word' id='word_1_229' title='bbox 1216 1860 1270 1914; x_wconf 75' lang='lat' dir='ltr'>fis</span> <span class='ocrx_word' id='word_1_230' title='bbox 1292 1857 1429 1953; x_wconf 42' lang='lat' dir='ltr'><em>porroi]</em></span> 
     </span>
     <span class='ocr_line' id='line_1_53' title="bbox 772 1919 1432 1973; baseline -0.017 -9"><span class='ocrx_word' id='word_1_231' title='bbox 772 1925 860 1963; x_wconf 87' lang='lat' dir='ltr'>Hoc</span> <span class='ocrx_word' id='word_1_232' title='bbox 887 1922 941 1962; x_wconf 87' lang='lat' dir='ltr'>est</span> <span class='ocrx_word' id='word_1_233' title='bbox 970 1919 1176 1973; x_wconf 83' lang='lat' dir='ltr'><strong>perseuera</strong></span> <span class='ocrx_word' id='word_1_234' title='bbox 1196 1928 1358 1971; x_wconf 82' lang='lat' dir='ltr'>purgata</span> <span class='ocrx_word' id='word_1_235' title='bbox 1379 1928 1401 1954; x_wconf 88' lang='lat' dir='ltr'><strong>e</strong></span> <span class='ocrx_word' id='word_1_236' title='bbox 1419 1938 1432 1946; x_wconf 91' lang='lat'>-</span> 
     </span>
     <span class='ocr_line' id='line_1_54' title="bbox 773 1973 1431 2020; baseline -0.017 -1"><span class='ocrx_word' id='word_1_237' title='bbox 773 1978 821 2020; x_wconf 89' lang='lat' dir='ltr'>se.</span> <span class='ocrx_word' id='word_1_238' title='bbox 850 1980 931 2018; x_wconf 84' lang='lat' dir='ltr'>vult</span> <span class='ocrx_word' id='word_1_239' title='bbox 949 1979 1052 2018; x_wconf 86' lang='lat' dir='ltr'>enim</span> <span class='ocrx_word' id='word_1_240' title='bbox 1072 1988 1113 2015; x_wconf 86' lang='lat' dir='ltr'>et</span> <span class='ocrx_word' id='word_1_241' title='bbox 1134 1975 1184 2015; x_wconf 84' lang='lat' dir='ltr'>de</span> <span class='ocrx_word' id='word_1_242' title='bbox 1202 1973 1334 2014; x_wconf 81' lang='lat' dir='ltr'>futuro</span> <span class='ocrx_word' id='word_1_243' title='bbox 1347 1984 1431 2010; x_wconf 76' lang='lat' dir='ltr'>cau-</span> 
     </span>
     <span class='ocr_line' id='line_1_55' title="bbox 775 2025 1427 2084; baseline -0.014 -11"><span class='ocrx_word' id='word_1_244' title='bbox 775 2045 857 2075; x_wconf 81' lang='lat' dir='ltr'>rum</span> <span class='ocrx_word' id='word_1_245' title='bbox 876 2033 971 2075; x_wconf 82' lang='lat' dir='ltr'>effe:</span> <span class='ocrx_word' id='word_1_246' title='bbox 1003 2044 1042 2072; x_wconf 84' lang='lat' dir='ltr'>vt</span> <span class='ocrx_word' id='word_1_247' title='bbox 1062 2031 1191 2084; x_wconf 86' lang='lat' dir='ltr'>supra,</span> <span class='ocrx_word' id='word_1_248' title='bbox 1217 2030 1318 2070; x_wconf 84' lang='lat' dir='ltr'>Nam</span> <span class='ocrx_word' id='word_1_249' title='bbox 1332 2025 1427 2078; x_wconf 79' lang='lat' dir='ltr'>fiid</span> 
     </span>
     <span class='ocr_line' id='line_1_56' title="bbox 1284 2082 1434 2135; baseline -0.033 -11"><span class='ocrx_word' id='word_1_250' title='bbox 1284 2082 1434 2135; x_wconf 75' lang='lat' dir='ltr'><em>Nostra·</em></span> 
     </span>
     <span class='ocr_line' id='line_1_57' title="bbox 769 2142 1425 2191; baseline -0.017 -4"><span class='ocrx_word' id='word_1_251' title='bbox 769 2161 870 2187; x_wconf 81' lang='lat' dir='ltr'><em>vtere</em></span> <span class='ocrx_word' id='word_1_252' title='bbox 894 2144 1074 2191; x_wconf 77' lang='lat' dir='ltr'>amicitia]</span> <span class='ocrx_word' id='word_1_253' title='bbox 1103 2147 1191 2184; x_wconf 87' lang='lat' dir='ltr'>Non</span> <span class='ocrx_word' id='word_1_254' title='bbox 1221 2143 1295 2180; x_wconf 86' lang='lat' dir='ltr'>iam</span> <span class='ocrx_word' id='word_1_255' title='bbox 1317 2142 1425 2179; x_wconf 82' lang='lat' dir='ltr'>Amo·</span> 
     </span>
     <span class='ocr_line' id='line_1_58' title="bbox 767 2201 1218 2251; baseline -0.013 -8"><span class='ocrx_word' id='word_1_256' title='bbox 767 2220 817 2251; x_wconf 86' lang='lat' dir='ltr'>re,</span> <span class='ocrx_word' id='word_1_257' title='bbox 840 2202 904 2243; x_wconf 83' lang='lat' dir='ltr'>sed</span> <span class='ocrx_word' id='word_1_258' title='bbox 923 2203 1114 2242; x_wconf 79' lang='lat' dir='ltr'>Amicitia.</span> <span class='ocrx_word' id='word_1_259' title='bbox 1168 2201 1218 2239; x_wconf 89' lang='lat' dir='ltr'>D.</span> 
     </span>
    </p>

    <p class='ocr_par' dir='ltr' id='par_1_25' title="bbox 766 2245 1424 2478">
     <span class='ocr_line' id='line_1_59' title="bbox 820 2245 1424 2312; baseline -0.026 -12"><span class='ocrx_word' id='word_1_260' title='bbox 820 2266 871 2312; x_wconf 82' lang='lat'>38</span> <span class='ocrx_word' id='word_1_261' title='bbox 900 2259 1020 2298; x_wconf 86' lang='lat' dir='ltr'><em>Aliter</em></span> <span class='ocrx_word' id='word_1_262' title='bbox 1037 2256 1072 2308; x_wconf 84' lang='lat' dir='ltr'><em>fi</em></span> <span class='ocrx_word' id='word_1_263' title='bbox 1091 2256 1237 2308; x_wconf 70' lang='lat' dir='ltr'>ficitas]</span> <span class='ocrx_word' id='word_1_264' title='bbox 1274 2245 1424 2290; x_wconf 69' lang='lat' dir='ltr'>A&#39;mmus‘-</span> 
     </span>
     <span class='ocr_line' id='line_1_60' title="bbox 767 2311 1423 2366; baseline -0.024 -9"><span class='ocrx_word' id='word_1_265' title='bbox 767 2330 871 2359; x_wconf 71' lang='lat' dir='ltr'>mwcc.</span> <span class='ocrx_word' id='word_1_266' title='bbox 928 2315 989 2353; x_wconf 87' lang='lat' dir='ltr'>Ne</span> <span class='ocrx_word' id='word_1_267' title='bbox 1018 2326 1126 2366; x_wconf 80' lang='lat' dir='ltr'><em>aegre</em></span> <span class='ocrx_word' id='word_1_268' title='bbox 1155 2311 1348 2363; x_wconf 83' lang='lat' dir='ltr'>quicquam</span> <span class='ocrx_word' id='word_1_269' title='bbox 1376 2319 1423 2343; x_wconf 81' lang='lat' dir='ltr'>cx</span> 
     </span>
     <span class='ocr_line' id='line_1_61' title="bbox 766 2368 1422 2418; baseline -0.018 -8"><span class='ocrx_word' id='word_1_270' title='bbox 766 2384 820 2409; x_wconf 84' lang='lat' dir='ltr'>me</span> <span class='ocrx_word' id='word_1_271' title='bbox 849 2370 994 2414; x_wconf 83' lang='lat' dir='ltr'><em>audias]</em></span> <span class='ocrx_word' id='word_1_272' title='bbox 1033 2371 1169 2406; x_wconf 86' lang='lat' dir='ltr'>Vtrum</span> <span class='ocrx_word' id='word_1_273' title='bbox 1198 2368 1317 2418; x_wconf 80' lang='lat' dir='ltr'><em>Aegre</em></span> <span class='ocrx_word' id='word_1_274' title='bbox 1352 2373 1422 2413; x_wconf 82' lang='lat' dir='ltr'>pro</span> 
     </span>
     <span class='ocr_line' id='line_1_62' title="bbox 766 2419 1416 2478; baseline -0.017 -12"><span class='ocrx_word' id='word_1_275' title='bbox 766 2425 896 2468; x_wconf 84' lang='lat' dir='ltr'><em>Male?</em></span> <span class='ocrx_word' id='word_1_276' title='bbox 915 2439 962 2463; x_wconf 85' lang='lat' dir='ltr'>an</span> <span class='ocrx_word' id='word_1_277' title='bbox 979 2426 1096 2478; x_wconf 75' lang='lat' dir='ltr'><em>Aegre</em></span> <span class='ocrx_word' id='word_1_278' title='bbox 1109 2435 1178 2474; x_wconf 82' lang='lat' dir='ltr'>pro</span> <span class='ocrx_word' id='word_1_279' title='bbox 1190 2419 1336 2461; x_wconf 82' lang='lat' dir='ltr'><em>Inuita?</em></span> <span class='ocrx_word' id='word_1_280' title='bbox 1367 2419 1416 2456; x_wconf 90' lang='lat' dir='ltr'>D.</span> 
     </span>
    </p>

    <p class='ocr_par' dir='ltr' id='par_1_26' title="bbox 762 2476 1433 2760">
     <span class='ocr_line' id='line_1_63' title="bbox 819 2476 1415 2534; baseline -0.02 -12"><span class='ocrx_word' id='word_1_281' title='bbox 819 2484 935 2534; x_wconf 75' lang='lat' dir='ltr'>Lege,</span> <span class='ocrx_word' id='word_1_282' title='bbox 961 2480 1086 2521; x_wconf 81' lang='lat' dir='ltr'><em>Aliter</em></span> <span class='ocrx_word' id='word_1_283' title='bbox 1106 2481 1164 2530; x_wconf 75' lang='lat' dir='ltr'>st.-</span> <span class='ocrx_word' id='word_1_284' title='bbox 1191 2476 1261 2527; x_wconf 85' lang='lat' dir='ltr'>sed</span> <span class='ocrx_word' id='word_1_285' title='bbox 1279 2476 1415 2527; x_wconf 62' lang='lat' dir='ltr'><em>reppri-</em></span> 
     </span>
     <span class='ocr_line' id='line_1_64' title="bbox 762 2530 1412 2586; baseline -0.015 -10"><span class='ocrx_word' id='word_1_286' title='bbox 762 2538 859 2576; x_wconf 69' lang='lat' dir='ltr'>mrim</span> <span class='ocrx_word' id='word_1_287' title='bbox 888 2552 953 2576; x_wconf 78' lang='lat' dir='ltr'>me.</span> <span class='ocrx_word' id='word_1_288' title='bbox 1008 2535 1070 2577; x_wconf 86' lang='lat' dir='ltr'>Est</span> <span class='ocrx_word' id='word_1_289' title='bbox 1099 2532 1338 2586; x_wconf 77' lang='lat' dir='ltr'><strong>Apoliopelis</strong></span> <span class='ocrx_word' id='word_1_290' title='bbox 1360 2530 1412 2568; x_wconf 77' lang='lat' dir='ltr'>rei</span> 
     </span>
     <span class='ocr_line' id='line_1_65' title="bbox 764 2590 1429 2646; baseline -0.015 -14"><span class='ocrx_word' id='word_1_291' title='bbox 764 2606 953 2646; x_wconf 86' lang='lat' dir='ltr'>congrua;</span> <span class='ocrx_word' id='word_1_292' title='bbox 994 2603 1032 2632; x_wconf 82' lang='lat' dir='ltr'>vt</span> <span class='ocrx_word' id='word_1_293' title='bbox 1062 2591 1264 2639; x_wconf 68' lang='lat' dir='ltr'>Virgilius,</span> <span class='ocrx_word' id='word_1_294' title='bbox 1309 2590 1429 2642; x_wconf 56' lang='lat' dir='ltr'>Qus*</span> 
     </span>
     <span class='ocr_line' id='line_1_66' title="bbox 763 2646 1433 2704; baseline -0.016 -14"><span class='ocrx_word' id='word_1_295' title='bbox 763 2663 826 2704; x_wconf 80' lang='lat' dir='ltr'>ego</span> <span class='ocrx_word' id='word_1_296' title='bbox 848 2666 855 2689; x_wconf 77' lang='grc' dir='ltr'>ε</span> <span class='ocrx_word' id='word_1_297' title='bbox 878 2649 952 2700; x_wconf 81' lang='lat' dir='ltr'>scd</span> <span class='ocrx_word' id='word_1_298' title='bbox 972 2660 1045 2689; x_wconf 78' lang='lat' dir='ltr'>etc.</span> <span class='ocrx_word' id='word_1_299' title='bbox 1077 2646 1364 2690; x_wconf 55' lang='lat' dir='ltr'>Cffleautonr.</span> <span class='ocrx_word' id='word_1_300' title='bbox 1388 2651 1433 2689; x_wconf 46' lang='lat' dir='ltr'>rs</span> 
     </span>
     <span class='ocr_line' id='line_1_67' title="bbox 762 2709 984 2760; baseline -0.005 -15"><span class='ocrx_word' id='word_1_301' title='bbox 762 2716 799 2753; x_wconf 85' lang='lat'>2,</span> <span class='ocrx_word' id='word_1_302' title='bbox 820 2719 885 2760; x_wconf 78' lang='lat'>25.</span> <span class='ocrx_word' id='word_1_303' title='bbox 942 2709 984 2745; x_wconf 82' lang='lat' dir='ltr'>B.</span> 
     </span>
    </p>

    <p class='ocr_par' dir='ltr' id='par_1_27' title="bbox 876 2764 998 2813">
     <span class='ocr_line' id='line_1_68' title="bbox 876 2764 998 2813; baseline -0.016 -13"><span class='ocrx_word' id='word_1_304' title='bbox 876 2764 942 2800; x_wconf 75' lang='lat' dir='ltr'>Aa</span> <span class='ocrx_word' id='word_1_305' title='bbox 972 2773 998 2813; x_wconf 86' lang='lat'>4</span> 
     </span>
    </p>
   </div>
  </div>
 </body>
</html>
