1859 3196
665 184 974 230 HECYRA.

1378 197 1468 248 341

231 318 417 380 Propter
438 329 561 362 meos
584 328 729 360 mores
753 312 857 360 hinc
879 308 1032 360 abisse:
1069 308 1144 359 effi
1166 327 1214 360 ea
1238 309 1466 362 dissimulas

328 389 494 437 sedulo.

227 471 398 515 Verum
427 467 485 512 ita
517 480 588 511 me
621 461 685 512 Di
719 474 888 519 ament,
928 465 1074 529 itaque
1098 463 1330 526 obtingant
1354 481 1404 513 ex
1424 475 1467 513 te

327 557 438 605 quae
463 551 624 606 exopto
644 542 769 594 mihi,

227 621 290 666 Vt
310 634 539 679 nunquam
568 616 700 663 sciens
730 618 995 672 commerui,
1029 618 1188 665 merito
1215 627 1265 666 vt
1290 627 1464 684 caperet

325 692 478 741 odium
499 693 618 740 illam
639 694 751 740 mei:

92 903 231 944 tenet,
274 893 462 946 quicquid
498 894 550 935 de
585 894 752 948 poffibili

90 950 320 1003 suspicatur,
350 952 464 1003 ponit
478 951 527 990 ab
546 952 638 1000 mili,
665 952 749 991 Hoc

89 1021 128 1047 et
155 1021 251 1046 meae
269 1007 400 1058 fizmae
429 1009 657 1047 commodum
686 1007 749 1060 effe

58 1110 69 1113 „
86 1063 272 1110 arbitror,
296 1076 331 1102 et
347 1061 464 1104 vobis.
525 1063 645 1115 Quod
665 1065 749 1116 qui-

89 1119 181 1159 dem
202 1130 239 1158 et
258 1121 298 1158 in
318 1119 480 1159 honesto
500 1121 674 1168 collocat,
703 1119 745 1158 fi-

89 1176 383 1228 quidemfamae
394 1175 491 1214 dixit
502 1176 742 1216 commodum.

86 1234 294 1286 Repugnat
310 1231 410 1271 filius
430 1241 563 1271 contra
582 1231 629 1271 ab
647 1233 743 1282 vtili‚

87 1299 129 1328 ετ
156 1289 266 1327 dicit:
294 1287 413 1338 Quod
439 1299 480 1327 tu
507 1300 569 1327 rus
599 1287 742 1327 habita-

89 1355 173 1383 tum
202 1346 370 1398 migras,
397 1358 531 1396 parum
550 1344 674 1399 (Qid
699 1358 743 1385 tu

86 1415 121 1440 r.
137 1400 172 1438 h.
191 1401 351 1455 migres?
371 1399 509 1439 Parum
527 1413 649 1439 autem
661 1413 742 1439 cum

84 1457 148 1507 Ζ.)
186 1455 239 1494 est
265 1457 432 1509 migrare
461 1467 523 1494 rus
561 1469 610 1494 ex
636 1455 742 1504 vrbe,

84 1512 249 1557 adiecit,
280 1522 319 1550 vt
346 1513 423 1550 illic
450 1509 663 1550 habitatura
695 1510 740 1550 fis

81 1571 299 1620 perpetuo?
334 1565 466 1608 Rursus
503 1566 551 1605 ab
577 1566 740 1607 honesto

82 1623 139 1663 est
159 1623 230 1662 hoc
242 1651 251 1668 ‚
280 1623 384 1675 quod
402 1622 526 1662 famae
543 1622 741 1674 (infizmiae

79 1681 144 1731 Z.)
175 1680 310 1731 opinio
336 1679 380 1718 {it
405 1677 551 1727 futura,
584 1680 652 1730 qui
672 1693 742 1718 nu-

81 1735 160 1782 bit,
193 1735 322 1786 inquit
350 1735 515 1788 (fictura
533 1735 629 1788 apud
646 1748 736 1785 eum,

110 1795 150 1830 ui
178 1793 347 1847 ignoret,
390 1804 517 1830 verum
544 1791 645 1844 quod
666 1791 732 1843 fit.

79 1805 253 1901 {mique
269 1849 329 1899 Z.)
353 1846 546 1886 concludit
565 1847 612 1887 ab
633 1848 736 1888 vtili:

86 1906 188 1944 Tuas
207 1905 341 1942 amicas
361 1916 396 1942 et
412 1916 592 1957 cognatas
624 1916 659 1943 te
677 1903 736 1943 de-

70 1959 194 2014 firere
225 1961 323 1998 nolo.
383 1959 459 2000 Sed
489 1958 563 1997 hoc
589 1958 736 2013 frangit

77 2016 163 2063 illa,
194 2014 348 2054 dicens:
387 2017 468 2053 lam
497 2013 733 2055 seiieetutem

77 2069 185 2111 fuam
218 2071 285 2110 ista
312 2082 586 2121 contemnere,
626 2071 730 2123 quod

77 2125 166 2167 satis
200 2128 397 2177 voluptate
433 2126 568 2167 harum
603 2140 736 2168 rerum

76 2180 283 2236 perfunEla
300 2182 352 2221 fir.
410 2185 454 2223 E.

133 2241 226 2278 Non
258 2249 405 2277 temere
430 2239 598 2279 Daceria
633 2238 734 2279 hanc

75 2294 243 2334 scenam
261 2295 431 2344 'primam
461 2294 579 2335 Anus
609 2297 733 2345 quarti

0 2353 8 2362 ⁵
76 2347 383 2388 effecontendit.
440 2349 733 2389 Namhincini-

25 2432 29 2436 ·
74 2406 175 2444 tium
195 2405 298 2443 reste
320 2404 401 2444 fieri
414 2404 539 2457 potest
559 2416 732 2456 propter-

69 2473 142 2510 ea,
171 2459 279 2512 quod
298 2461 420 2501 Scena
437 2473 554 2500 vacua
572 2461 626 2500 est
645 2462 732 2501 reli-

69 2518 157 2617 &2
185 2520 274 2624 LZ'tfi'
295 2585 334 2610 ea
360 2568 554 2622 difflmulas
573 2571 729 2627 fidulo]

68 2629 149 2680 Ea,
184 2628 224 2666 id
252 2627 323 2676 est,
355 2640 454 2679 quae
479 2624 576 2671 scio:
605 2640 643 2667 et
662 2629 728 2677 Ea,

67 2700 144 2739 pro
165 2697 244 2726 eam
261 2697 349 2725 rem.
379 2680 446 2724 sed
474 2680 649 2725 absolute
668 2697 729 2726 oe·

1304 787 1330 834 ς
1369 774 1458 818 Te·

800 894 914 935 currit
947 892 1062 947 supra
1092 894 1193 935 latae
1227 891 1454 941 sententiae,

800 963 840 991 et
867 965 1016 1005 genere
1045 962 1197 991 neutro.
1255 954 1303 991 Et
1330 949 1384 988 est
1402 964 1460 989 or-

798 1008 874 1056 do,
909 1007 984 1047 Etfi
1016 1020 1061 1046 ea
1085 1007 1292 1048 dissimulas
1310 1003 1456 1054 sedulo,

800 1077 885 1104 non
905 1064 1000 1103 clam
1019 1077 1085 1103 me
1102 1063 1170 1113 est,
1190 1073 1261 1102 etc.
1319 1064 1370 1102 D.

852 1132 876 1173 3
907 1121 1039 1160 Verum
1065 1122 1119 1159 ita
1147 1134 1202 1159 me
1230 1119 1288 1158 Di
1314 1118 1455 1173 ament]

797 1177 1044 1224 Conieffiura,
1064 1189 1164 1228 quae
1181 1173 1336 1214 soluitur
1357 1174 1456 1227 (fir-

792 1246 917 1272 matur
948 1234 1010 1284 Z.)
1048 1231 1313 1271 iureiurando.
1374 1232 1451 1270 lta-

793 1301 861 1341 que
886 1286 1083 1343 obtingant
1101 1302 1147 1328 ex
1166 1291 1215 1331 te]
1243 1291 1316 1328 Pro
1337 1283 1376 1325 se
1396 1287 1454 1325 iu-

793 1356 867 1392 rat,
896 1356 937 1384 et
963 1345 1015 1383 ita
1044 1358 1126 1384 rem
1144 1342 1341 1394 Pamphilo
1371 1355 1454 1392 pro-

793 1400 878 1448 bat,
927 1410 966 1438 vt
1003 1400 1147 1439 blanda
1182 1399 1236 1438 fit.
1302 1397 1451 1453 Itaque]

792 1459 906 1496 Duae
926 1466 1054 1507 partes
1072 1455 1268 1494 orationis.
1325 1456 1375 1495 D.

846 1511 980 1553 Bemb.
999 1511 1205 1564 Exoptem:
1231 1510 1308 1557 alii,
1327 1509 1424 1563 Opto
1437 1520 1454 1548 ε

791 1567 970 1619 plerique
1011 1566 1188 1620 Exopt0‚·
1237 1565 1346 1618 quod
1373 1566 1450 1618 pla·

790 1634 864 1664 cet.
919 1627 962 1663 B.

841 1691 869 1730 4
909 1678 1112 1733 Nunquam
1147 1677 1269 1729 fiiens
1301 1690 1447 1717 comme-

787 1735 864 1788 rui]
895 1736 1002 1774 Bona
1029 1735 1231 1786 exceptio:
1262 1730 1447 1786 quiapos-

785 1787 912 1829 sumus
940 1791 1110 1842 aliquem
1135 1787 1344 1830 inscienter
1368 1791 1448 1830 lae‹

786 1847 892 1896 dere,
914 1859 1016 1898 qnae
1037 1860 1096 1886 res
1119 1845 1167 1885 ad
1188 1848 1341 1885 veniam
1363 1859 1448 1896 pei·-

787 1903 897 1941 tinet.
956 1903 1005 1942 Vt
1016 1915 1200 1955 nunquam
1209 1901 1348 1953 stiens]
1371 1903 1452 1941 Hic

784 1958 880 1998 ordo
904 1957 956 1999 est
976 1958 1236 2006 iurifiurandi,
1262 1968 1302 1996 vt
1328 1970 1445 2009 quum

782 2013 1046 2066 praeposuerit
1075 2015 1154 2064 Ita,
1183 2011 1363 2066 sequatur
1387 2025 1441 2052 vt.

787 2072 928 2113 Cicero
951 2071 1143 2121 (Diuinat.
1168 2073 1275 2122 13.),
1303 2070 1361 2109 Ita
1382 2083 1443 2108 ve-

784 2128 850 2167 lim
883 2126 977 2166 mihi
1014 2127 1099 2166 deos
1134 2128 1346 2179 propitios,
1376 2129 1440 2169 ὐε.

785 2195 898 2236 quum
926 2181 1023 2223 illius
1043 2185 1217 2236 temporis
1238 2181 1327 2220 mihi
1344 2183 1444 2219 venit

785 2243 824 2278 in
841 2252 1005 2285 mentem,
1032 2237 1113 2288 (γε.
1170 2238 1314 2277 Merito
1335 2250 1377 2275 vt
1389 2250 1443 2274 ca-

778 2306 884 2347 peret
913 2295 1034 2333 odium
1064 2293 1123 2332 illa
1141 2294 1230 2347 mei]
1261 2296 1368 2332 Bene
1389 2292 1442 2331 di-

779 2352 832 2389 xit
851 2351 1021 2390 Merito:
1050 2363 1139 2389 nam
1162 2360 1202 2388 vt
1223 2361 1294 2387 nos
1308 2349 1441 2387 imme·

780 2407 854 2445 rito
885 2407 971 2457 quis
993 2418 1073 2444 non
1095 2404 1238 2450 oderit,
1273 2418 1353 2443 non
1385 2404 1439 2443 cst

781 2462 822 2500 in
856 2461 979 2500 nostra
1007 2473 1138 2500 manu.
1170 2460 1263 2500 haee
1294 2460 1347 2500 est
1372 2473 1436 2500 ex-

781 2519 922 2569 ceptio.
979 2518 1129 2557 Plautus
1150 2517 1188 2555 in
1201 2517 1437 2557 Trinummo

780 2575 835 2627 (1,
858 2586 894 2622 2,
913 2574 1021 2624 68.)‚
1050 2572 1156 2626 Quin
1183 2573 1326 2622 dicant,
1362 2587 1433 2612 non

782 2628 845 2681 est:
875 2632 1003 2668 merito
1027 2642 1070 2668 vt
1092 2642 1135 2667 ne
1156 2629 1291 2675 dicant,
1320 2628 1361 2668 id
1378 2628 1436 2679 cst.

778 2687 924 2727 Merito
954 2698 997 2724 vt
1028 2696 1173 2738 caperet
1212 2686 1335 2725 odium
1372 2684 1435 2724 ilia

890 2743 925 2781 Y
954 2753 978 2795 3
1350 2740 1438 2794 met]
