1875 3244
707 167 1006 218 HECYRA.

1424 184 1518 232 ²39

285 307 432 361 Quam
458 302 644 350 minimo
666 302 810 366 pretio
832 299 949 346 suam
968 296 1237 361 voluptatem
1257 296 1440 363 expleat.

283 380 461 428 Hiscine
482 390 545 432 tu,
567 377 733 429 amabo,
762 393 854 423 non
875 384 1025 422 contra
1045 370 1330 420 infidiabere?

285 455 323 504 P
336 468 387 504 H.
427 459 600 502 Tamen
622 453 699 519 pol
713 451 893 499 eandem
904 451 1115 505 iniurium
1129 446 1188 494 est
1198 445 1281 496 effe
1294 449 1519 500 omnibus-¹

195 547 253 596 15
291 530 321 579 S
335 545 381 577 Y.
424 532 640 577 Iniurium
663 539 809 574 autem
826 524 886 572 est
906 523 1044 573 vlcisci
1066 523 1363 572 aduersarios?

285 611 378 654 Aut
401 623 486 669 qua
507 608 574 653 via
599 618 640 651 te
661 613 846 668 captent,
872 600 1022 648 eadem
1045 599 1158 664 ipsos
1179 601 1308 665 capi'.>
1352 614 1357 617 *

288 683 416 730 Eheu
439 697 511 727 me
538 675 756 727 miseram!
797 694 874 724 cur
892 694 984 724 non
1009 686 1082 722 aut
1103 673 1226 721 istaec
1251 676 1362 725 mihi

287 762 418 806 Aetas
442 767 484 804 et
503 756 643 804 forma
663 754 735 809 est,
756 766 830 802 aut
850 751 929 801 tibi
949 752 1055 800 haec
1077 751 1315 799 sententia?

214 941 325 980 Vnus
344 936 478 980 Bemb.
499 935 615 978 habet
632 935 676 976 Se
689 949 699 983 ;
729 948 815 975 cae-

160 997 234 1035 teri
250 996 388 1035 Faerni
404 1005 453 1034 ret
473 993 586 1034 nostri
611 1005 745 1032 omnes
757 1005 814 1032 re-

162 1053 223 1093 fte
244 1052 334 1102 ὂψ.
390 1053 433 1092 Β.

220 1121 236 1150 1
245 1122 269 1149 2
297 1107 407 1146 Suam
416 1105 640 1160 voluptatem
655 1105 815 1159 expleat]

162 1167 271 1205 Bene
287 1164 441 1216 expleat,
458 1163 564 1217 quod
585 1163 817 1201 contrarium

162 1221 357 1260 meretrici
381 1219 454 1269 est,
487 1229 694 1258 amatorem
716 1219 818 1258 volu-

163 1287 272 1329 ptate
292 1274 426 1315 satiari.
478 1278 524 1316 D.

224 1345 271 1385 13
318 1331 485 1383 Hffcine]
525 1328 701 1378 ἐρῶτησις.
774 1328 821 1369 Id

165 1388 232 1437 est,
259 1388 408 1428 talibus,
463 1391 510 1428 Et
530 1389 649 1427 videi}
661 1386 822 1439 pulchra

164 1446 351 1484 meren-ix
376 1444 504 1496 puella
545 1444 608 1483 est.
664 1444 821 1495 Insidia-

168 1501 249 1540 bere
260 1501 300 1555 ἓ]
329 1500 500 1540 lniidiari
509 1501 649 1539 malum
662 1500 735 1539 est:
757 1496 823 1538 sed

168 1568 304 1596 eontra
315 1555 492 1601 infidiari,
504 1557 642 1595 iustum
656 1555 720 1598 est,
746 1557 794 1595 D.

229 1624 280 1666 14
309 1612 441 1651 Tamen
459 1613 604 1651 eandem
615 1610 684 1663 pol
710 1610 770 1663 effe
787 1624 825 1649 ο-

167 1669 313 1708 mnibus
331 1668 512 1707 iniurium
538 1667 602 1720 est]
631 1667 738 1706 Idem
761 1666 825 1705 ali-

170 1737 229 1765 ter
245 1753 255 1772 ,
299 1736 337 1764 et
374 1722 648 1764 vehemenuus
684 1722 824 1761 intulit.

168 1783 268 1822 Nam
288 1780 400 1833 peius
424 1780 478 1819 est
503 1778 668 1819 eandem
687 1775 766 1818 effe
786 1791 828 1817 o-

173 1837 341 1885 mnibus,
368 1849 486 1888 quam
506 1836 659 1875 nullum
677 1836 830 1886 excipe-

174 1906 229 1932 re.
289 1892 489 1946 Iniurium]
529 1892 722 1943 Iniquum.
769 1893 830 1932 ln-

131 1973 137 1977 ·
176 1950 317 1988 iuriam
337 1959 464 1987 autem
482 1947 723 2001 indignantis
750 1960 832 1986 mo-

179 2005 232 2043 do
259 2002 484 2056 {ignificatio
503 2003 579 2043 est:
612 2013 652 2043 et
671 2004 746 2042 vim
769 2003 832 2043 ad-

178 2058 305 2099 uerbii
325 2059 450 2099 habet,
504 2061 557 2099 D.

235 2115 421 2156 Iniurium
439 2113 499 2166 effl²
518 2114 699 2158 omnihus]
728 2116 833 2155 Iniu-

181 2174 282 2211 rium
302 2171 355 2210 est
374 2169 450 2214 ess'e
469 2170 647 2210 omnibus
658 2171 832 2220 similem,

181 2229 223 2268 id
243 2226 306 2273 est,
329 2225 497 2279 asperam
515 2225 579 2266 seu
598 2224 746 2266 saeuam
757 2240 834 2266 me-

184 2285 376 2324 ren-icem.
433 2286 478 2325 E.

244 2351 293 2391 15
333 2339 462 2390 Vlcifii
488 2337 732 2391 aduerfitrios]
772 2341 861 2379 De.

185 2409 297 2436 more
307 2395 547 2448 Adncufizrios
558 2405 699 2433 mutato
712 2394 838 2432 nomi-

185 2466 242 2493 ne
261 2449 397 2503 posuit.
428 2450 563 2490 dmum
584 2452 692 2490 enim
702 2449 836 2499 suerat,

182 2509 214 2550 fi
231 2521 413 2548 amatores
432 2507 590 2546 diceret.
643 2509 691 2548 D.

245 2565 431 2604 Iniurium
466 2563 512 2616 est
541 2575 679 2611 autem,
713 2559 837 2612 vIcifii

187 2619 436 2671 adumsarios]
465 2617 653 2659 Defendit
679 2629 717 2657 et
742 2618 839 2656 haec

189 2689 343 2732 partem
373 2675 495 2728 suam,
536 2671 841 2734 quod-asperam

1282 831 1526 879 ACTVS

862 932 1109 975 meretricem
1128 927 1207 973 effe
1226 930 1422 973 desiderat.
1452 935 1524 974 Di·

864 993 913 1030 cit
939 991 1069 1038 enim,
1104 1002 1187 1029 non
1215 999 1402 1029 amatores
1430 987 1525 1040 effe,

863 1046 930 1088 sed
958 1045 1208 1096 aduetfirios,
1245 1059 1292 1085 ex
1320 1045 1394 1084 hoc
1415 1046 1524 1098 qnod

864 1103 911 1144 ad
931 1103 1138 1143 libidinem
1157 1101 1428 1154 complendam
1441 1102 1526 1143 fine

864 1158 1048 1201 mercede
1065 1158 1258 1198 festinant.
1311 1161 1353 1199 E.

926 1219 975 1260 16
1005 1215 1090 1270 Qu
1111 1216 1172 1253 via
1192 1227 1227 1254 te
1247 1214 1410 1268 captent]
1438 1215 1527 1265 Qui

866 1283 907 1313 te
925 1282 1081 1324 captant
1098 1269 1224 1322 saepe,
1245 1280 1285 1309 tu
1304 1283 1370 1310 eos
1391 1271 1451 1312 vel
1472 1268 1530 1311 se·

870 1330 950 1370 mel
965 1340 1074 1380 cape.
1129 1330 1181 1367 D.

926 1380 1143 1427 Consensus
1162 1379 1286 1424 Codd.
1304 1382 1528 1435 probatAut

871 1442 945 1494 qud
963 1443 1024 1480 via
1042 1450 1187 1491 captent
1204 1441 1239 1478 τὲ
1257 1438 1323 1479 illi.
1373 1439 1444 1480 Via
1463 1440 1530 1480 hie

873 1496 927 1537 est
944 1493 1256 1547 monosyllabon.
1310 1498 1351 1535 B.

931 1564 983 1606 17
1012 1551 1113 1590 Eheu
1140 1564 1195 1590 me
1212 1549 1430 1604 ntifiraml]
1459 1555 1532 1592 Be-

874 1621 940 1655 ne,
962 1609 1144 1660 quianon
1156 1603 1352 1657 persuafit:
1372 1600 1437 1645 sed.
1447 1607 1533 1660 (fic.

872 1678 933 1704 um
961 1665 1024 1716 Z.)
1067 1660 1247 1701 affeelum
1283 1663 1430 1701 doloris
1469 1677 1536 1705 ex-

872 1720 1012 1772 preffit.
1071 1718 1309 1771 Intelligitur
1344 1720 1453 1759 enim
1481 1732 1535 1762 ex

877 1778 982 1816 vultu
1001 1775 1095 1823 eius,
1113 1787 1195 1813 non
1216 1773 1534 1827 eampersuafiffe

878 1832 985 1885 quod
1015 1832 1149 1871 voluit.
1220 1829 1321 1868 Eheu
1349 1845 1402 1869 me
1429 1832 1537 1883 mifi-

877 1892 984 1930 ram!
1024 1900 1092 1926 cur
1116 1899 1191 1926 non
1220 1900 1283 1926 aut
1308 1886 1411 1938 zflaec
1441 1888 1538 1928 mzht

880 1959 992 1990 aetas,
1013 1957 1049 1983 et
1058 1943 1193 1995 firma
1211 1941 1275 1995 est]
1298 1946 1460 1988 Ε’μπαθῶς
1469 1946 1538 1995 ait,

881 1999 987 2054 quod
1010 2000 1201 2050 reliquum
1220 1998 1293 2036 est:
1325 2001 1413 2050 quia
1432 2003 1539 2050 quod

879 2057 1044 2103 volebat,
1066 2052 1295 2107 persuadere
1303 2067 1385 2094 non
1397 2058 1542 2107 potnit.

880 2117 929 2154 Et
954 2113 1058 2152 bene
1086 2110 1190 2161 istaec
1207 2124 1307 2149 aetas
1336 2124 1370 2150 et
1380 2112 1513 2165 fhrma
1527 2127 1541 2153 ε

883 2170 975 2222 quia
996 2178 1201 2217 Vtrumque
1220 2178 1301 2205 non
1323 2166 1450 2207 habet.
1490 2173 1540 2210 Et

882 2228 980 2264 mire
1008 2236 1031 2262 e
1056 2222 1248 2260 contrario
1275 2217 1459 2275 descripta
1484 2226 1542 2266 est

883 2280 1105 2320 deformitas
1124 2280 1275 2326 Lenae,
1311 2289 1350 2316 et
1376 2278 1543 2327 formam

885 2349 925 2376 et
953 2337 1195 2374 voluntatem
1223 2334 1363 2374 malam
1399 2349 1543 2389 geren.

886 2395 944 2431 tis.
1001 2394 1048 2431 D.

943 2453 990 2495 18
1023 2447 1099 2485 Aut
1117 2441 1189 2484 tihi
1209 2443 1294 2483 haec
1304 2444 1496 2497 sententia
1507 2450 1544 2505 ?]

885 2505 1090 2549 Δεικτικῶς;
1140 2500 1327 2554 fimUIque
1379 2505 1547 2546 Ostendit

886 2559 1101 2600 secundum
1135 2562 1417 2608 φυσιογνωμικύς,
1448 2562 1546 2601 diffi-

888 2617 962 2655 cile
1006 2612 1226 2656 deformem
1272 2618 1432 2673 repetiti
1478 2618 1546 2660 bo·

889 2685 991 2723 nam,
1047 2671 1098 2715 D.
