1875 3244
608 111 908 159 ADELPH.

1330 127 1418 178 ¹95

190 226 409 294 Tibicina,¹
441 249 484 287 et
504 239 798 304 hymenaeum
822 242 896 304 qui
918 248 1105 287 cantent.
1135 236 1239 287 DE.
1277 239 1377 295 eho,

191 310 293 363 Vin'
315 327 362 363 tu
388 316 490 362 huic
515 317 602 363 seni
625 317 890 364 auscultare?
926 318 1017 363 ΑΕ.
1050 315 1188 379 quid?
1211 313 1306 362 DE.
1326 316 1421 364 mis-

286 390 326 439 sa
349 392 452 438 haec
476 391 579 446 face,

126 455 129 458 Ι
187 468 513 530 Hymenaeum,
537 466 700 525 turbas,
728 464 959 533 lampadas,
984 465 1206 514 tibicinas:

93 558 152 594 ιο
184 548 331 606 Atque
356 542 467 590 hanc
490 545 534 590 in
562 544 693 590 horto
715 544 947 589 maceriam
967 543 1068 589 iube
1095 543 1208 590 dirui

187 623 415 674 Quantum
436 617 596 682 potest:
630 619 710 665 hac
730 617 937 665 transfer:
971 634 1101 666 vnam
1125 618 1189 665 fac
1211 618 1417 669 domum:

186 694 394 741 Traduce
423 706 466 740 et
493 707 699 748 matrem,
734 705 778 741 et
798 693 1004 741 familiam
1027 710 1207 741 omnem
1241 696 1295 743 ad
1319 715 1416 746 nos.

282 767 332 816 A
342 781 386 815 Ε.
421 769 576 843 placet,

50 988 298 1043 Hymenaeum
317 996 470 1041 putant,
500 986 619 1030 veluti
641 985 706 1041 hy-

49 1062 174 1088 mnum
206 1048 330 1088 vocari
358 1047 604 1101 virginalium
639 1060 706 1086 nu·

51 1105 230 1156 ptiarum.
287 1105 387 1156 Ergo
411 1105 461 1142 'fic
482 1103 614 1155 accipe
642 1102 704 1153 hy·

50 1173 233 1199 menaeum
260 1158 487 1209 innuptiis,
525 1158 708 1211 quemad-

49 1216 211 1256 modum
233 1218 339 1261 οριῖνου
360 1216 400 1254 in
418 1214 568 1265 funere,
587 1216 648 1255 vel
666 1216 708 1255 in
733 1215 736 1220 '

52 1270 161 1311 sacris
185 1271 368 1321 hymnum.
425 1274 473 1312 D.

109 1329 266 1368 onrem
297 1324 485 1382 arceffis?]
512 1323 580 1368 Ms.
601 1329 642 1368 R.
670 1336 710 1366 et

51 1384 99 1424 V.
137 1386 182 1427 C.
234 1396 389 1424 vxorem
429 1383 561 1438 quaesi>
595 1383 709 1435 arces

52 1439 123 1491 fis?
181 1443 222 1480 L.

103 1497 220 1536 Refie
244 1493 488 1536 Viflorianus
517 1492 707 1547 Morae‘st.

50 1552 177 1600 Olim,
209 1564 295 1590 cum
324 1552 474 1590 nullum
503 1553 608 1591 inter
628 1564 708 1590 ver-

50 1606 113 1656 ba,
140 1618 179 1646 vt
195 1620 298 1646 nunc
320 1616 453 1646 contra
473 1605 525 1655 fit,
545 1605 708 1659 spatium

51 1665 340 1716 relinqueretur
380 1675 566 1710 vacuum,
604 1677 707 1702 mora

51 1719 109 1773 est,
140 1731 179 1766 et
195 1731 319 1759 morae
335 1717 383 1770 st,
411 1719 478 1757 nisi
498 1733 520 1758 a
540 1720 705 1771 pruden-

54 1786 93 1815 te
111 1771 263 1823 le‘e'iore,
287 1775 471 1829 distingui
494 1788 577 1814 non
599 1786 709 1828 potu-

54 1843 181 1874 erunt.
239 1835 278 1872 Β.

107 1900 135 1941 7
159 1885 345 1927 Tibicina:
375 1899 410 1927 et
438 1885 706 1942 Hymenaeum]

52 1941 115 1984 Est
132 1955 258 1982 autem
278 1956 363 1991 vox,
385 1945 539 1994 quaein
562 1945 706 1996 nuptiis

55 1999 264 2039 dicebatur.
319 2001 362 2039 E.

107 2055 356 2105 Hymenaeum
368 2055 431 2106 qui
449 2053 613 2110 cantent]
633 2051 705 2100 ΜΓ.

54 2112 97 2153 R.
118 2123 155 2150 et
171 2120 260 2149 vett.
273 2109 454 2163 coddqui
465 2125 581 2150 canat.
613 2115 653 2151 L.

113 2174 133 2216 8
170 2165 255 2207 Vin‘
273 2180 314 2206 tu
333 2166 415 2205 huic
423 2168 510 2218 seni
528 2168 706 2218 ausculta-

52 2223 145 2278 re?]
183 2223 396 2264 Contemfit
429 2221 466 2264 se
493 2223 615 2276 ipsum
649 2225 702 2262 di-

54 2278 181 2318 cendo
210 2278 306 2316 Huic
323 2279 436 2372 ¹⁴¹fivni:
477 2280 550 2318 hoc
586 2277 704 2318 solum

53 2335 221 2375 afferens
252 2347 320 2373 cau
337 2348 382 2373 ae
399 2347 466 2373 cur
485 2336 704 2374 audiendus

55 2404 138 2432 non
166 2391 227 2438 fit,
263 2389 365 2441 quod
394 2389 437 2430 fit
466 2388 593 2431 senex.
658 2395 705 2431 Et

53 2457 178 2488 totum
210 2446 282 2484 hoc
315 2457 473 2498 apparet
505 2447 706 2488 laetissimo

54 2503 163 2544 vultu
186 2502 273 2554 dici.
333 2505 381 2541 D.

106 2571 132 2612 9
169 2556 321 2605 Turbas,
349 2557 552 2610 lampadas,
581 2557 706 2600 tibici-

55 2616 138 2669 nas]
183 2618 292 2655 Bene
328 2625 448 2652 totum
483 2616 705 2666 pluraliter:

57 2680 98 2710 vt
123 2669 188 2723 qui
217 2670 471 2723 reprehendit
496 2669 544 2710 iic
575 2673 706 2714 multa.

1292 843 1418 897 Pater

753 988 922 1038 Plautus,
943 988 1053 1047 Qus
1063 1002 1104 1030 tu
1114 986 1204 1029 mihi
1217 986 1414 1044 parafitos,

754 1047 892 1099 luscos,
919 1060 1009 1100 quos
1035 1045 1248 1086 Summanos
1266 1047 1414 1097 meni-

756 1109 819 1144 ar?
848 1106 956 1143 Haec
986 1104 1100 1157 igitur
1118 1104 1221 1142 vultu
1242 1117 1416 1155 pronun·

757 1159 893 1200 cianda
914 1157 1011 1206 sunt,
1034 1170 1071 1197 vt
1090 1171 1271 1212 appareat
1289 1173 1334 1199 ea
1345 1156 1416 1199 dis-

758 1216 902 1270 plicere
928 1214 1084 1255 dicenti.
1140 1218 1189 1255 D.

813 1273 1072 1324 Hymenaeum,
1103 1270 1252 1317 turbat,
1280 1270 1417 1324 lampa‘

757 1328 841 1377 das]
859 1331 967 1368 Haec
988 1329 1208 1378 nuptiarum
1228 1325 1415 1368 solemnia

759 1382 976 1424 obseruauit
1018 1383 1133 1436 Apul.
1182 1380 1308 1424 Miles.
1351 1397 1412 1426 1v.

758 1443 838 1480 Iam
854 1439 1037 1492 feralium
1063 1441 1272 1492 nuptiarum
1289 1439 1414 1494 mifir-

757 1499 872 1537 rimae
900 1498 1042 1551 virgini
1065 1495 1279 1550 choragium
1299 1497 1415 1548 strui-

757 1564 842 1592 tur:
868 1554 944 1593 iam
960 1552 1062 1591 tedae
1079 1551 1193 1590 lumen
1221 1565 1327 1591 atrae
1341 1553 1416 1605 fu·

756 1608 883 1662 liginis
906 1609 1059 1647 cinerem
1087 1606 1281 1659 marceffit‚
1306 1609 1418 1659 etso-

757 1677 824 1704 nus
842 1662 954 1705 tibiae
963 1667 1093 1718 zygiae
1104 1676 1271 1703 mutatur
1280 1667 1320 1702 in
1330 1677 1415 1717 que-

757 1719 878 1760 rulum
898 1721 1061 1770 Lydium
1080 1721 1248 1759 modum:
1274 1718 1415 1771 cantus:

757 1789 824 1830 que
843 1776 958 1816 laetus
976 1777 1178 1826 Hymenaei
1204 1777 1355 1832 lugubri
1364 1775 1416 1828 fi-

756 1836 864 1872 nitur
874 1834 1015 1873 vlulatu
1027 1846 1042 1875 ‚·
1066 1846 1102 1873 et
1116 1832 1236 1885 puella
1250 1845 1413 1885 nuptura

755 1891 920 1943 deterget
937 1890 1115 1929 lacrumas
1134 1889 1211 1941 ipso
1219 1888 1294 1940 suo
1303 1887 1412 1940 flam.

757 1960 848 1985 meo,
905 1948 943 1985 L.

812 2005 881 2041 Pro
915 1999 1060 2054 vulgari
1102 1997 1268 2040 Turbam
1305 1998 1411 2040 reue

754 2056 958 2105 Donatus,
996 2057 1129 2096 Bemb.
1159 2058 1301 2105 Regius
1329 2058 1411 2108 qui-

754 2113 843 2153 dam
865 2113 1073 2154 etSeruius
1095 2113 1140 2151 ad
1154 2117 1304 2162 Aen.x‚
1315 2124 1409 2168 432.

755 2169 946 2208 exhibent
967 2167 1121 2208 Turbas.
1177 2173 1217 2209 B.

813 2237 863 2267 10
891 2228 1010 2277 Atque
1029 2225 1122 2263 hunc
1148 2227 1186 2263 in
1206 2225 1317 2263 horto
1336 2236 1412 2264 ma·

755 2284 886 2320 ceriam
916 2281 998 2318 iube
1018 2281 1138 2333 dirui]
1169 2281 1339 2320 Macerm
1357 2281 1412 2320 di-

755 2338 851 2375 citur
864 2337 987 2387 paries
999 2348 1103 2374 nunc
1124 2339 1140 2353 ·
1161 2337 1321 2375 alicuius
1341 2337 1410 2376 de·
1468 2379 1472 2389 ¹

754 2402 942 2432 macerata
979 2394 1120 2444 (paries
1148 2404 1222 2431 non
1259 2392 1352 2432 altus
1392 2403 1411 2432 e

756 2450 848 2487 calce
871 2461 1052 2490 macerata
1087 2449 1151 2487 W.
1207 2448 1410 2488 fahalmi·

756 2506 797 2543 de
826 2514 1016 2543 macerata
1076 2506 1208 2552 Forte,
1237 2505 1281 2544 P.
1304 2519 1340 2544 n.
1360 2505 1410 2545 al-

756 2574 818 2610 tus
844 2563 915 2610 lme
941 2559 1046 2598 calcis
1071 2559 1226 2601 alicuius
1253 2575 1409 2604 macera·

756 2620 869 2659 tione.
898 2616 968 2667 Z).
1023 2616 1071 2655 D.

924 2675 959 2714 N
987 2681 1013 2714 2
