1875 3308
682 217 978 267 ADELPH.

1408 231 1495 281 123

204 338 237 407 νς
275 340 372 392 ΒΕ.
412 343 534 400 Quid
553 343 652 398 hoc,
671 345 848 398 malurn,
874 342 1164 391 infelicitatis?
1200 358 1373 407 nequeo
1404 345 1498 393 satis

372 419 603 467 decernere
625 438 634 465 ε

275 493 371 543 Nisi
393 496 614 543 mentedo
637 496 739 541 huic
751 491 832 540 effe
843 504 993 540 natum
1007 496 1084 551 rei,
1095 493 1289 541 ferundis
1302 494 1497 544 miseriis.

273 573 443 617 Primus
465 570 598 617 sentio
621 568 906 616 maianostra:
940 571 1109 632 primus
1129 569 1301 616 rescisco
1324 573 1493 616 omnia:

275 648 444 692 Primus
456 663 590 709 porro
604 646 844 693 obnuncio:
864 660 990 704 aegre
1003 644 1127 698 solus,
1142 643 1171 689 si
1184 644 1288 707 quid
1301 642 1362 698 fit,
1385 644 1494 691 fero.

275 719 362 768 SY.
405 721 542 767 Rideo
577 722 718 766 hunc:
768 722 963 785 primum
992 721 1050 766 ait
1076 720 1117 766 se
1151 719 1280 778 scire;
1315 720 1352 766 is
1383 720 1497 768 solus

370 796 503 843 nescit
523 798 683 844 omnia.

1437 888 1497 920 10

141 1010 267 1067 gresso
302 1011 406 1055 sene.
462 1014 567 1070 Qin
601 1029 642 1056 tu
669 1016 791 1055 animo
829 1016 958 1068 striis.
1014 1018 1119 1068 Ergo
1144 1014 1245 1054 Huic
1271 1016 1348 1062 rei,
1376 1010 1498 1052 subdi—

141 1071 236 1109 hono
256 1068 305 1116 es]
334 1073 448 1110 Nunc
461 1075 577 1129 Qffl,
597 1085 666 1124 pro
677 1071 794 1125 Quin·
840 1070 1136 1125 stinguendum:
1175 1082 1216 1109 et
1251 1069 1299 1110 fic
1325 1068 1497 1109 inferen-

142 1128 214 1165 imo
234 1126 394 1178 positum
421 1127 485 1166 est.
542 1134 592 1170 D.
843 1128 945 1174 dum,
965 1127 1152 1167 Ferundis
1171 1126 1335 1176 mtstriis.
1392 1129 1499 1177 Ergo

196 1185 304 1221 Vnus
335 1195 358 1222 e
383 1182 519 1223 nostris
537 1196 623 1222 cum
645 1183 795 1222 Bembi-
842 1185 939 1224 Huic
949 1188 1012 1231 rei,
1031 1196 1116 1235 pro,
1130 1182 1191 1225 Ad
1204 1182 1304 1222 hanc
1322 1194 1416 1221 rem.
1446 1184 1495 1222 D.

140 1251 194 1277 no
214 1238 317 1278 reae
324 1238 429 1294 Qid
437 1239 512 1293 est?
538 1240 677 1279 caeteri
688 1234 796 1295 Qid

140 1297 221 1334 ais?
248 1296 364 1334 Porro
393 1295 484 1350 lege
512 1308 559 1335 ex
589 1296 706 1335 tribus
727 1307 794 1334 no·
893 1306 922 1348 7
948 1295 1096 1336 Primus
1108 1293 1337 1346 fintiomala
1348 1291 1496 1344 nostra:

139 1350 221 1390 stris
240 1350 344 1390 Bono
364 1354 482 1392 animo
499 1366 545 1401 es,
567 1363 604 1392 vt
622 1350 794 1398 insi-aiv,
835 1354 982 1405 primus
1012 1351 1160 1403 refiifio
1187 1347 1328 1396 omnia]
1364 1349 1498 1388 E’noevoe-

141 1417 179 1458 ς,
199 1408 264 1448 62.
317 1411 357 1448 Β.
843 1407 946 1454 φοραί.
1002 1409 1150 1448 Primus
1158 1407 1283 1458 sentio
1298 1405 1408 1459 mala]
1440 1406 1498 1447 Ri-

197 1472 220 1513 ς
248 1463 358 1519 Qid
378 1463 463 1511 hoc,
489 1465 649 1504 malum!
678 1462 796 1514 infili-
845 1463 990 1502 diculus
1008 1476 1115 1501 error
1131 1465 1324 1503 Demeae:
1354 1462 1500 1500 EtPri-

141 1519 267 1558 citatis
286 1520 340 1573 Υ]
398 1519 583 1559 Abundat
635 1521 795 1560 Malum.
843 1532 940 1564 mus,
977 1518 1024 1556 ad
1056 1518 1255 1557 ordinem:
1295 1516 1420 1567 Solus,
1451 1508 1499 1556 aci

138 1573 248 1626 Quid
280 1574 368 1623 hoc,
405 1575 560 1614 malum!
596 1576 796 1628 itfilfcita-
843 1587 1049 1614 nnmerum
1071 1574 1224 1613 dicitnr.
1277 1572 1332 1612 D.

139 1629 244 1683 m?]
274 1629 403 1677 Deest,
415 1630 517 1669 Deos
527 1630 647 1682 testor.
689 1629 797 1684 Quid

140 1683 220 1732 hoc,
233 1686 386 1730 malum!
416 1686 648 1738 infilicitatis
661 1686 698 1740 ?]
718 1686 794 1726 Hic

139 1753 266 1780 autem
284 1742 443 1790 Malum,
473 1756 543 1794 pro
562 1742 795 1781 interienio-

139 1810 194 1836 ne
213 1797 396 1849 pofitum:
429 1798 529 1849 quasi
547 1798 658 1846 dicat,
679 1798 796 1836 Oma-

139 1854 238 1897 lum!
279 1865 318 1893 et
344 1853 397 1893 est
427 1854 569 1894 dicium
600 1856 702 1893 anxii
728 1853 795 1894 ho-

140 1910 270 1958 minis,
281 1921 321 1949 et
332 1909 536 1960 perturbati
552 1910 678 1950 nimis.
707 1912 757 1953 D.

193 1964 300 2017 Qeid
320 1966 398 2014 hoc,
418 1965 573 2005 malum!
594 1966 796 2016 insilii-ita·

140 2021 244 2075 zis?]
275 2021 404 2070 Ordo,
429 2020 536 2076 Qid
557 2022 624 2062 boc
644 2022 798 2072 infelt'ci·

141 2082 231 2116 tans
246 2081 260 2116 ?
278 2088 316 2115 et
324 2076 484 2124 Malum,
497 2078 714 2118 interie‘dio
725 2076 790 2128 est,

141 2131 248 2171 iicuti
270 2129 380 2184 saepe
401 2134 526 2174 docui.
585 2136 626 2174 E.

200 2191 225 2229 6
253 2189 346 2240 Nifi·
364 2203 417 2229 me
445 2190 566 2237 credo]
600 2192 694 2238 Pro,
725 2189 793 2229 niti

897 1691 919 1734 8
957 1685 1105 1725 Primus
1137 1695 1254 1736 porro
1295 1681 1500 1736 obnuncio]

844 1743 925 1793 Qui
954 1742 1092 1780 malam
1117 1752 1200 1778 rem
1231 1737 1407 1787 nunciat,
1439 1739 1502 1777 ob-

843 1801 1025 1839 nunciat.-
1054 1798 1117 1848 qui
1137 1794 1293 1842 bonam,
1324 1797 1502 1833 annunci-

843 1867 896 1894 at.
950 1857 1050 1894 Nam
1073 1851 1241 1904 *proprie
1275 1848 1500 1890 obnuntiare

845 1910 1025 1949 dicuntur
1043 1919 1228 1961 augure-2,
1260 1907 1325 1957 qui
1351 1905 1500 1957 aliquid

843 1966 936 2005 mali
959 1965 1096 2004 ominis
1117 1961 1376 2013 scaeuumque
1395 1961 1499 2001 vide-

844 2023 933 2061 rint.
987 2024 1111 2073 Ergo,
1140 2017 1326 2057 Ohnuncio
1355 2018 1502 2056 malum

843 2076 1066 2124 imminens,
1086 2073 1187 2127 quali
1207 2085 1322 2112 omen
1343 2074 1498 2112 nuncio.
1522 2099 1525 2102 -

843 2132 942 2174 lude
981 2133 1088 2171 ‘enim
1116 2136 1311 2176 ἐτυμολογία
1341 2126 1500 2167 huiusce

843 2188 950 2228 verbi
969 2188 1034 2228 est.
1090 2189 1210 2241 Aegre
1220 2185 1338 2235 Jblus,
1355 2182 1390 2235 fi
1411 2186 1500 2236 quiri

142 2245 235 2294 quia
258 2245 332 2283 iam
352 2242 538 2298 superest,
572 2256 613 2284 vt
630 2258 694 2284 me
717 2258 794 2284 cre·
834 2243 1012 2296 fit‚firo]
1043 2246 1163 2282 Praue
1185 2238 1338 2279 scilicet.
1395 2243 1444 2280 D.

142 2299 244 2338 dam.
269 2298 331 2338 hic
349 2303 454 2342 enim
475 2299 602 2340 sensus
613 2301 713 2340 estin
725 2300 792 2339 hu-

895 2300 1041 2339 Primus
1055 2310 1172 2349 porro
1195 2295 1394 2348 olmuncio]
1413 2297 1500 2335 Hoc

142 2352 306 2394 iusmodi
323 2356 531 2404 locutione,
555 2356 641 2409 Ntfi
655 2370 794 2396 mecre-
843 2355 916 2403 est,
945 2355 1087 2394 malum
1116 2352 1301 2392 nuncium
1327 2351 1386 2390 vel
1405 2352 1501 2390 acci-

140 2411 190 2451 do
219 2410 306 2450 huic
332 2411 394 2464 effi
427 2426 552 2452 natum
584 2415 651 2450 rei.
708 2410 802 2463 Nist
843 2413 908 2461 pio
929 2409 1016 2460 (vbi
1034 2410 1183 2462 accipio,
1205 2407 1305 2446 velut
1333 2408 1394 2460 Z.)
1421 2407 1499 2446 ales

140 2481 197 2506 me
229 2468 334 2506 credo
364 2468 446 2507 huic
477 2467 538 2521 ff
566 2481 694 2508 natum
719 2467 792 2520 rei]
841 2465 1010 2519 persero,
1070 2468 1115 2506 E.

139 2524 254 2564 Noua
274 2523 442 2570 locutio,
477 2539 570 2576 pro,
606 2522 680 2564 Nifi
707 2524 793 2574 quin

140 2579 274 2619 credo.
328 2580 484 2620 EtHuic
496 2585 558 2627 rei,
578 2579 702 2632 potest
714 2578 796 2618 sub·
899 2589 926 2630 9
954 2577 990 2616 Is
1011 2574 1115 2630 sblus
1141 2574 1255 2627 nefiit
1277 2576 1418 2627 omnia]
1450 2577 1499 2615 Et

140 2634 255 2682 trahi,
274 2635 455 2674 incolumi
477 2633 601 2675 sensu:
633 2644 682 2681 vt,
710 2632 803 2686 Nifi
844 2632 950 2671 bene
970 2632 1096 2680 Sohar,
1123 2643 1255 2684 vtpote
1275 2630 1324 2669 de
1348 2631 1501 2669 multis:

140 2704 198 2733 ne
221 2692 325 2732 credo
338 2703 463 2732 natum
481 2691 721 2747 effifmmdis
733 2693 797 2731 mi·
847 2690 937 2741 quia
959 2701 1077 2741 quum
1098 2685 1182 2728 sciat
1200 2688 1342 2736 Micio,
1369 2688 1500 2738 Syrus,

1426 2745 1502 2784 Ae·
