1827 3180
638 211 989 261 PHORMIO.

1393 233 1496 284 449

256 350 323 395 Iu
341 346 736 411 nuncimparatum
751 343 888 391 subito
902 350 1018 391 tanta
1030 350 1072 389 te
1083 341 1342 409 impendent
1353 350 1462 397 maia
1478 369 1490 397 :

258 425 386 478 Quae
407 437 551 485 neque
584 423 644 467 vti
666 420 858 467 deuitem
878 419 976 474 scio,
995 434 1140 484 neque
1170 421 1397 483 quomodo
1418 443 1492 476 me

358 496 462 543 inde
483 496 724 543 extraham:

257 576 379 620 Nam
400 589 491 619 non
516 569 658 637 potest
678 570 805 618 celari
823 567 966 617 nostra
989 568 1149 617 diutius
1180 572 1264 618 iam
1293 567 1493 626 audacia}

124 679 130 682 -
187 662 220 712 ς
260 651 413 710 (Quae
434 645 466 692 fi
487 664 578 694 non
601 644 691 693 astu
710 645 1018 712 prouidentur,
1039 662 1111 692 me
1129 657 1204 694 aut
1220 647 1379 699 herum

360 720 657 778 sumdabunt.)

1400 655 1493 720 pes-

259 795 369 845 AN.
406 798 631 852 Quidnam
652 796 724 843 ille
748 807 996 844 commotus
1023 799 1178 847 venit?

261 870 316 922 G
330 885 373 920 Ε.
412 877 552 925 Tum,
573 875 785 937 temporis
811 873 920 920 mihi
948 870 1171 938 punstum
1190 875 1242 922 ad
1265 877 1376 927 hanc
1397 897 1496 932 rem

357 945 442 996 est:
475 948 609 997 herus
630 946 761 997 adest.
799 947 911 996 AN.
949 947 1057 1013 quid
1075 947 1181 997 istuc
1203 947 1389 1002 mali'st?

183 1162 210 1192 2
240 1149 371 1191 Subit·
386 1162 494 1191 tama
510 1163 547 1190 re
577 1148 786 1202 impendent

125 1207 239 1256 nala]
278 1204 504 1248 Accusatiuo
533 1204 620 1249 casu
648 1206 785 1259 Impen-

126 1264 242 1304 dent.-
270 1272 335 1302 aut
350 1265 518 1311 ἂναςροφέ
526 1291 537 1311 ,
570 1274 654 1315 pre,
686 1260 785 1302 Inte

122 1319 286 1374 pendent
324 1318 434 1359 mala.
502 1319 649 1369 Quum
674 1316 785 1369 supra

126 1374 266 1416 Nullus
282 1390 338 1423 es,
376 1373 491 1422 Geta,
519 1373 681 1414 dixerit:
721 1373 785 1412 hic

126 1430 326 1473 transitum
343 1429 434 1472 fecit
457 1430 505 1470 ad
524 1431 686 1483 primam
697 1442 786 1481 per·

126 1485 273 1528 sonam.
329 1489 382 1527 D.

181 1541 571 1596 Imparammfiebito]
601 1544 658 1583 lta
680 1551 786 1582 tanta

127 1601 231 1639 mala
258 1600 493 1652 impendent
518 1600 561 1638 in
587 1609 626 1638 te
655 1609 694 1639 et
721 1612 785 1650 pa-

127 1667 271 1696 rantur.
327 1658 371 1696 E.

182 1716 375 1760 Donatus,
396 1720 584 1762 quantum
611 1722 659 1749 ex
682 1706 788 1749 scho-

129 1768 186 1808 lio
215 1767 351 1821 colligi
372 1766 516 1819 potest,
547 1764 641 1805 haut
669 1764 788 1806 dubie

130 1837 202 1877 pro
227 1825 277 1864 Te
300 1824 396 1876 legit
414 1824 507 1864 Me,-
536 1821 640 1874 quod
662 1819 786 1874 ipsum

126 1878 291 1919 exhibet
316 1879 415 1919 Cod.
433 1878 552 1919 Acad.
611 1878 655 1918 ld
680 1876 786 1929 quod

130 1937 268 1986 vtique
307 1933 362 1973 est
399 1933 662 1982 commodius,
701 1946 789 1972 curn

128 2003 224 2032 mox
256 1986 433 2042 sequatur
465 1989 663 2036 Deuitem,
706 2002 790 2028 nou

130 2047 299 2087 Deuites.
357 2046 476 2098 igitur
511 2045 562 2084 ob
594 2042 696 2084 vsum
736 2046 790 2085 lo-

131 2100 283 2154 quendi
311 2112 484 2152 repon0‚
526 2102 649 2142 Tanta
675 2104 715 2141 in
736 2113 791 2141 me

132 2157 340 2211 impendent
355 2170 401 2195 m.
456 2159 498 2197 Β.

189 2225 212 2266 3
243 2214 354 2269 Quo
384 2224 495 2265 neque
527 2214 585 2251 vti
616 2212 785 2260 denitem,

122 2269 220 2320 fiio]
252 2268 379 2308 Ruina
398 2277 463 2306 aut
476 2266 631 2307 vitanda
643 2267 707 2314 est,
724 2278 788 2306 aut

130 2323 373 2365 extrahenda
394 2320 476 2363 sunt
495 2335 544 2361 ex
559 2336 607 2361 ea
631 2335 791 2373 corpora

135 2393 236 2433 quae
286 2375 528 2430 oppresserit.
595 2376 790 2432 Deuirem]

132 2442 241 2480 Ante
271 2448 386 2488 quam
415 2435 574 2473 irruant.
627 2434 713 2473 Inde
731 2447 793 2473 ex·

135 2492 303 2545 naham]
333 2492 466 2542 Quum
489 2490 678 2530 irruerint.
708 2492 755 2530 D.

192 2549 259 2589 Vn·
300 2545 475 2599 denium]
517 2547 609 2585 Duo
652 2543 792 2597 posuit.

135 2606 268 2645 omnia
300 2603 407 2643 enim
434 2601 533 2641 mala
557 2602 787 2649 deuitemus,

136 2659 306 2708 consilio,
326 2659 377 2697 ita
397 2669 435 2697 vt
454 2669 524 2696 nos
545 2670 625 2696 non
645 2659 789 2697 comin-

137 2727 262 2772 gant3
318 2724 383 2754 aut
427 2712 534 2764 quod
577 2710 788 2754 secundum

190 2771 322 2814 Tenc.
341 2770 387 2811 P.
401 2769 454 2811 11.

1386 1034 1497 1083 Gt.

834 1148 907 1199 est,
941 1147 968 1189 si
997 1148 1099 1190 forte
1118 1152 1234 1193 celeri
1261 1153 1431 1200 aduentu
1450 1159 1498 1203 in

834 1219 907 1246 nos
927 1204 1163 1259 irrepserint,
1194 1210 1236 1249 iu
1257 1208 1330 1250 hoc
1352 1212 1500 1267 prospi-

834 1275 936 1310 cere,
955 1276 1035 1315 quo
1055 1264 1172 1303 modo
1191 1266 1288 1304 inde
1305 1280 1380 1307 nos
1396 1270 1495 1312 libe·-

831 1331 917 1359 rare
936 1319 1130 1370 pommus.
1184 1323 1227 1361 Ε.

887 1389 916 1428 4
942 1375 1044 1414 Nam
1061 1389 1135 1414 non
1149 1376 1265 1428 potest
1289 1382 1407 1420 celari
1421 1396 1495 1422 no-

826 1429 907 1482 stra
925 1431 1063 1471 diutius
1081 1434 1155 1471 iam
1175 1434 1345 1480 audacia]
1380 1442 1493 1478 Bene

834 1487 998 1540 Nostra:
1029 1488 1120 1539 quia
1140 1486 1222 1538 ipse
1243 1503 1391 1541 partem
1414 1492 1496 1535 xiia-

835 1543 978 1582 xlmam
999 1544 1138 1595 culpae
1158 1541 1325 1595 sustinet,
1359 1560 1398 1588 vt
1415 1562 1494 1591 ma-

836 1597 964 1652 gister.
1023 1599 1164 1654 celat-2]
1194 1602 1385 1654 Nigidius,
1403 1607 1495 1646 cela-

835 1658 891 1703 ri,
916 1655 1078 1705 quaerit,
1111 1667 1236 1696 vtrum
1262 1659 1421 1708 pienum
1439 1662 1497 1715 fit,

836 1724 886 1750 an
908 1707 1104 1762 pressum?
1157 1714 1209 1752 D.

888 1779 914 1820 5
955 1764 1092 1807 Versus
1134 1767 1189 1807 est
1232 1768 1413 1812 infititias
1445 1787 1497 1815 ex

836 1821 937 1864 And.
960 1835 991 1870 1,
1015 1834 1052 1876 3,
1072 1835 1110 1877 4.
1146 1825 1213 1875 qui
1239 1826 1288 1865 ab
1313 1826 1388 1868 hoc
1408 1831 1496 1870 ioco

835 1879 890 1918 est
909 1878 1072 1918 alienus.
1126 1880 1241 1919 Reste
1259 1883 1380 1936 igitur
1390 1885 1498 1928 abest

837 1934 885 1974 ab
903 1934 1001 1977 Cod.
1022 1937 1229 1975 veterrimo
1248 1938 1388 1979 nostro.
1417 1944 1459 1981 B.

892 1993 918 2032 6
946 1990 1137 2044 Qidnam
1154 1992 1211 2030 ille
1225 2007 1421 2037 commotus
1433 2011 1498 2036 ve-

838 2046 952 2100 nin]
991 2047 1116 2090 Modo
1151 2049 1380 2100 Commotus,
1412 2065 1499 2102 per-

838 2101 1012 2141 turbatus
1075 2114 1193 2155 atque
1218 2134 1225 2142 ,
1247 2111 1489 2149 conterritus,

834 2158 1022 2212 Qidnam
1053 2158 1112 2197 illc
1144 2174 1355 2201 commotus.
1416 2167 1495 2204 Hic

836 2215 1001 2255 ostendit
1028 2217 1161 2264 Poeta,
1190 2217 1333 2257 idcirco
1359 2220 1500 2260 confu-

838 2269 917 2309 sum
937 2273 1077 2309 Getam
1099 2271 1254 2318 induci,
1285 2286 1321 2313 vt
1338 2274 1388 2315 de
1407 2279 1496 2318 ejus

838 2336 944 2365 metu
961 2326 1140 2377 Antipho
1159 2337 1354 2370 terreatur.
1385 2334 1433 2372 D.

892 2392 920 2432 7
969 2381 1060 2420 Ihm
1077 2411 1086 2428 ,
1123 2389 1295 2436 temporis
1320 2389 1498 2438 pandum

839 2436 949 2490 mihi]
980 2438 1176 2484 Punaum,
1217 2453 1289 2492 pro
1317 2456 1500 2485 momen-

840 2504 932 2532 tum.
981 2502 1020 2531 vt
1051 2494 1217 2534 Lucilius
1251 2496 1294 2536 in
1331 2498 1498 2540 decimo-

841 2547 1149 2600 qumo,1²unezo
1166 2563 1260 2600 vno,
1286 2552 1382 2594 bora
1413 2561 1430 2577 ·
1456 2572 1495 2596 et

838 2607 902 2659 qui
921 2616 1066 2658 quoque
1094 2607 1238 2660 tnuqfit.
1294 2611 1494 2668 Punctum]

838 2659 1155 2714 Angustissimum
1191 2661 1367 2715 spatium.
1433 2671 1497 2708 Ad

837 2715 930 2759 banc
961 2717 1056 2771 rem]
1100 2717 1163 2762 Ad
1198 2718 1495 2763 deliberandum

971 2771 1036 2813 Fi
1386 2780 1494 2830 quod
