1875 3292
444 186 536 246 ³⁸2

839 180 998 226 ACT.
1035 180 1090 225 V·
1131 179 1325 227 SCEN.
1359 182 1411 228 11.

572 305 679 357 LA.
717 307 838 363 Quid
862 305 923 354 est
941 306 1063 371 quod
1083 306 1194 355 mihi
1213 307 1375 364 malim,
1410 325 1543 374 quam
1562 312 1684 376 quod
1706 314 1810 362 huic

671 384 870 445 intelligo
902 386 1106 440 euenire3

572 465 636 510 Vt
657 462 839 522 gratiam
864 462 978 507 'meat
999 458 1087 507 fine
1105 459 1181 507 suo
1193 459 1434 525 dispendio,
1458 473 1501 511 et
1515 464 1623 510 mihi
1645 463 1811 529 prosit?

478 553 544 605 30
578 531 699 587 Nam
730 534 758 582 fi
782 535 862 588 est,
896 547 941 583 vt
971 536 1076 584 haec
1108 553 1227 584 nunc
1249 537 1528 604 Pamphilum
1560 557 1662 588 vere
1686 540 1737 588 ab
1768 541 1809 589 se

669 614 921 675 segregarit:

571 693 662 741 Scit
692 688 768 737 fibi
793 689 1065 736 nobilitatem
1087 705 1138 736 ex
1156 705 1224 742 eo.
1259 699 1304 737 et
1323 706 1419 738 rem
1441 701 1610 746 natam.
1644 703 1688 740 et
1711 691 1809 754 glo-

666 768 777 815 riam
799 763 904 813 ess'e:

487 996 541 1040 28
573 988 680 1045 Qid
705 987 754 1040 est
781 987 881 1042 quod
905 986 997 1027 mihi
1019 1001 1094 1026 ma-

432 1045 520 1094 lim,
552 1060 662 1100 quam
691 1048 789 1098 quod
817 1044 914 1096 huic]
952 1041 1094 1085 Sensus

430 1103 497 1144 hic
525 1104 597 1152 est,
632 1102 738 1153 Quid
769 1101 821 1142 est
847 1100 950 1153 quod
970 1102 1093 1154 magis

431 1170 567 1212 optem
616 1157 713 1198 mihi
750 1159 932 1206 euenire,
978 1170 1093 1208 quam

431 1215 537 1270 quod
563 1214 671 1256 simul
688 1213 861 1268 proderit
881 1215 995 1254 etiam
1013 1225 1094 1252 me-

429 1273 587 1312 ren-ici?
642 1272 749 1328 Qid
765 1269 830 1320 cll,
861 1270 963 1324 quod
986 1269 1088 1316 mihi,

426 1325 529 1384 dyc]
559 1330 621 1370 Sic
648 1327 724 1368 hoc
749 1340 845 1382 ergo
872 1327 1005 1366 intulit
1024 1339 1092 1377 pro

429 1398 551 1426 nou0.
615 1383 849 1426 Mirandum
889 1382 943 1423 est
983 1383 1092 1422 enim

425 1443 594 1483 euenire
611 1437 786 1493 potuisse,
811 1448 850 1479 vt
867 1440 970 1479 idem
983 1435 1090 1479 etse-

428 1499 471 1538 ni
492 1509 533 1537 et
551 1498 649 1551 patri
669 1495 803 1550 profit,
830 1496 935 1548 quod
964 1507 1089 1535 mere-

426 1555 523 1594 trici.
582 1554 696 1612 Qid
718 1553 766 1605 cst
791 1554 889 1607 quod
905 1551 997 1591 mihi
1015 1565 1085 1591 ma-

425 1611 513 1664 lim]
553 1613 605 1651 Vt
634 1611 802 1649 amicitia
828 1607 926 1648 mihi
958 1620 997 1647 et
1018 1607 1086 1647 fibi

424 1666 552 1719 proiit.
608 1669 658 1706 Et
683 1665 851 1704 ostendit
875 1677 1087 1703 commune

421 1722 491 1762 fibi
515 1721 662 1760 bonum
685 1718 775 1759 effe.
836 1721 1010 1771 Euenire]
1041 1722 1086 1759 E·

419 1782 558 1824 uenire,
581 1777 637 1816 bis
655 1774 976 1815 subaudiendum.
1011 1778 1056 1815 D.

481 1836 656 1886 Repone,
679 1833 787 1889 Qid
806 1832 851 1883 ‹st
871 1831 963 1871 mihi
983 1830 1084 1885 quod

421 1890 555 1932 malim.
617 1892 656 1930 B.

477 1960 530 1999 29
565 1945 615 1986 Vt
631 1945 798 2001 gratiam
819 1940 1080 1995 ineatfinefito

419 2002 629 2055 dispendio]
660 2001 782 2041 Reae.
839 1999 1009 2040 Difficile
1028 1998 1081 2039 est

417 2061 527 2099 enim
563 2060 728 2113 gratiam
765 2057 868 2096 inire
900 2055 980 2096 fine
1015 2055 1080 2094 da-

419 2129 528 2156 mno.
587 2114 639 2153 Et
663 2113 754 2153 mihi
777 2113 916 2166 prolt't]
954 2113 1078 2153 Mire:

419 2173 511 2224 quia
539 2170 696 2211 difficile
723 2168 778 2208 est
807 2170 972 2208 amicum
1001 2168 1080 2208 fine

419 2229 566 2267 damno
615 2227 826 2278 acquirere.
898 2230 945 2266 Et
990 2225 1081 2277 quia

418 2299 504 2324 cum
531 2286 634 2323 lucro
664 2296 744 2322 non
776 2282 899 2334 potuit
927 2281 1077 2321 dicere:

417 2352 458 2381 et
478 2340 550 2378 hoc
564 2339 687 2392 ipsum
702 2338 849 2377 bonum
868 2338 972 2384 fecit,
991 2339 1080 2390 quia

417 2395 501 2435 fine
535 2396 690 2435 damno.
748 2399 852 2447 Ergo
879 2395 983 2433 veflut
1011 2395 1080 2434 tria

417 2450 527 2491 sunt:
564 2465 601 2490 vt
618 2454 783 2507 gratiam
804 2465 921 2498 meat,
951 2453 1078 2502 vtst'ne

415 2508 562 2556 damno,
584 2520 620 2548 et
643 2519 678 2546 vt
698 2508 788 2546 mihi
803 2511 929 2559 profit.
977 2509 1024 2549 D.

473 2561 613 2602 ¹sensus
635 2563 741 2602 causa
769 2566 880 2616 lege,
917 2564 966 2603 Vt
984 2578 1074 2618 gra-

416 2622 509 2661 tiam
531 2622 650 2658 ineam
664 2620 746 2670 stne
766 2634 842 2659 meo
875 2619 1075 2673 dtspendio,

416 2690 454 2717 es
491 2679 582 2718 nuln'
610 2677 761 2730 prosim.
815 2679 916 2717 Nam
944 2681 1076 2719 Senex

1682 843 1806 891 Refe-

1143 986 1358 1035 meretrici,
1401 999 1517 1039 quam
1551 986 1805 1028 vehementer

1144 1046 1288 1092 oderat,
1311 1057 1394 1083 non
1415 1044 1543 1097 potest
1564 1043 1670 1084 bene
1691 1058 1805 1099 cupe-

1144 1114 1199 1141 re.
1255 1105 1296 1142 B.

1199 1169 1252 1209 30
1289 1155 1526 1210 Pamphilum
1565 1169 1649 1197 vere
1687 1155 1734 1196 ab
1757 1157 1802 1209 fi

1134 1211 1362 1269 figregarit]
1404 1214 1562 1265 Proprie
1599 1214 1646 1253 ab
1680 1227 1804 1255 mere·

1144 1273 1238 1309 trice
1258 1270 1458 1325 Segregari
1475 1268 1632 1311 dicitur:
1653 1270 1700 1310 ab
1713 1284 1803 1311 vxo-

1143 1340 1186 1366 re
1205 1326 1396 1382 Dtfiungi.
1454 1329 1504 1367 D.

1197 1395 1244 1435 3¹
1290 1382 1367 1422 Scit
1394 1379 1461 1431 fibi
1489 1379 1720 1422 nobilitatem
1752 1396 1802 1423 ex

1143 1453 1184 1478 eo
1197 1471 1206 1489 ,
1236 1453 1273 1479 et
1291 1452 1366 1478 rem
1385 1439 1528 1492 natam]
1562 1439 1680 1491 Quali
1699 1439 1800 1479 dica-

1141 1507 1213 1545 tur,
1233 1495 1322 1535 Ecce
1339 1508 1448 1549 quam
1466 1499 1608 1535 amauit
1630 1495 1802 1549 Pamphi-

1137 1552 1214 1596 lus!
1247 1551 1323 1594 Sed
1348 1552 1419 1590 hoc
1442 1549 1585 1592 sentire
1605 1563 1647 1591 et
1667 1551 1797 1593 dicere

1138 1609 1256 1660 patris
1276 1608 1341 1652 est,
1361 1607 1472 1646 stulta
1492 1609 1637 1659 pietate
1647 1609 1798 1660 magni-

1137 1663 1286 1702 ficantis
1309 1662 1440 1701 filium.
1502 1663 1797 1718 Vt‚Menmgna·

1137 1733 1216 1758 tum
1235 1731 1364 1757 rumor
1383 1718 1429 1768 est
1447 1731 1580 1757 amare.
1640 1722 1685 1758 Et
1710 1733 1795 1771 pro-

1136 1775 1220 1825 prie
1239 1775 1464 1813 nobditatcm
1483 1773 1590 1814 dixit.
1645 1777 1742 1816 Nam
1755 1787 1794 1816 et

1134 1834 1312 1870 meretrix
1353 1842 1392 1869 et
1426 1831 1619 1885 gladiator
1656 1830 1793 1873 nobiles

1134 1887 1207 1926 dici
1238 1886 1371 1926 so1enr.
1431 1887 1512 1925 Scit
1535 1883 1630 1941 fibi]
1671 1889 1790 1939 Quod

1133 1944 1248 1982 nimis
1269 1945 1409 1994 (minus
1429 1938 1513 1983 Mss'.
1532 1944 1579 1982 Η.
1602 1955 1639 1982 et
1654 1947 1689 1984 Β.
1704 1957 1793 1985 curn

1130 1999 1228 2042 Edd.
1253 2003 1365 2052 vett.)
1385 2010 1502 2047 amar,
1531 2001 1580 2038 ait
1598 1999 1792 2041 Nobilita-

1132 2070 1215 2096 tem.
1277 2058 1341 2096 Ex
1363 2060 1421 2099 eo]
1456 2059 1592 2096 Vtrum
1614 2070 1663 2095 ex
1681 2061 1791 2098 Pam-

1131 2113 1240 2165 philo
1255 2111 1277 2154 ‘3
1308 2127 1354 2151 nn
1379 2111 1441 2150 Ex
1461 2126 1512 2160 σο,
1531 2125 1579 2150 ex
1598 2126 1642 2152 ea
1657 2126 1718 2152 re;
1748 2113 1792 2154 id

1131 2169 1194 2217 est,
1215 2168 1318 2220 quod
1339 2166 1599 2222 segregauerit
1627 2182 1718 2209 vere
1739 2170 1786 2210 ab

1130 2222 1167 2265 se
1187 2225 1449 2277 Pamphilum?
1477 2236 1518 2263 et
1538 2226 1609 2264 hoc
1635 2226 1688 2265 est
1708 2240 1788 2266 me-

1129 2283 1216 2321 lius.
1278 2286 1376 2323 Nam
1404 2281 1543 2320 nobilis
1571 2284 1786 2323 meretricis

1130 2338 1182 2378 est
1206 2352 1283 2377 non
1298 2339 1445 2386 timere,
1468 2350 1518 2376 ne
1528 2337 1690 2377 alterum
1703 2352 1786 2380 non

1129 2396 1318 2434 inueniat.
1350 2405 1416 2432 aut
1446 2394 1584 2432 nobilis
1611 2393 1684 2443 est,
1723 2409 1783 2434 co·

1129 2452 1274 2505 gnitam
1288 2449 1368 2489 fieri
1386 2451 1500 2489 etiam
1515 2447 1679 2489 senibus.
1733 2450 1785 2491 Et

1126 2522 1202 2546 rem
1230 2507 1371 2560 natam]
1408 2509 1465 2547 Ex
1496 2506 1710 2558 patrocinio
1745 2517 1784 2547 et

1126 2564 1291 2602 amicitia
1328 2561 1438 2602 senis.
1506 2562 1596 2601 Rem
1636 2562 1782 2617 natam]

1127 2620 1230 2670 Quia
1266 2620 1384 2657 multa
1413 2619 1454 2657 in
1489 2631 1574 2657 eam
1604 2619 1781 2662 eontulit.

1124 2674 1177 2717 Et
1192 2675 1376 2734 gloriam]
1404 2678 1464 2717 Ex
1489 2672 1592 2715 fado
1620 2687 1705 2713 raro
1738 2676 1781 2715 in

1657 2743 1785 2771 more-
