1875 3244
637 200 935 251 HECYRA.

1359 201 1449 251 33¹

135 357 191 406 ις
226 336 345 395 Quid
375 333 450 387 fit,
483 332 770 397 quamobrem
791 338 1020 392 tantopere
1043 335 1194 370 omnes
1215 335 1296 366 nos
1319 318 1456 364 celare

323 411 514 460 volueris

228 494 426 542 Partum3
464 484 712 550 praesertim
732 494 870 546 quum
883 488 926 524 et
945 471 1078 526 reste,
1105 481 1148 518 et
1157 483 1360 535 tempore
1382 468 1458 515 suo

329 563 565 628 pepererit.

230 639 402 689 Adeon*
423 635 639 702 peruicaci
661 629 743 680 effe
761 631 923 680 animo,
952 636 999 674 vt
1020 639 1212 691 puerum
1235 630 1462 688 praeopta-

330 731 398 761 res
429 714 588 777 perire,

235 794 298 838 Ex
331 806 421 852 quo
453 785 694 833 firmiorem
730 786 944 829 internos
967 777 1063 825 fore
1095 774 1323 822 amicitiam
1346 767 1466 838 post-

333 865 412 910 hac
435 862 558 909 scires
573 879 583 905 ε

237 942 387 990 Potius
413 954 543 1002 quam
578 933 809 982 aduorsum
829 931 963 978 animi
995 929 1060 976 tui
1090 922 1333 974 lubidinem
1365 919 1467 971 esset
1497 905 1499 911 Ι

337 1031 439 1062 cum
466 1013 542 1060 illo
563 1010 735 1077 nupta?

166 1247 217 1290 ῐς
256 1232 502 1290 Qomohrem
550 1229 762 1284 tantopere]

1404 1093 1466 1125 20

810 1240 891 1267 non
917 1223 1127 1266 monstrum
1158 1220 1338 1275 pepe1·it;
1368 1219 1472 1259 Tem-

107 1293 197 1335 Alia
221 1293 387 1331 intentio
408 1289 590 1329 criminis.
633 1288 763 1327 Omnes
805 1283 993 1338 porefiao,
1013 1282 1060 1320 ad
1081 1278 1255 1332 spatium,
1275 1289 1351 1329 quo
1364 1289 1474 1327 prae-

108 1363 177 1389 nos
194 1349 305 1387 celare
318 1345 492 1392 volueris]
518 1344 651 1386 Refle:
673 1343 764 1394 quia

83 1428 86 1432 -
111 1416 217 1458 putat
245 1415 283 1442 et
304 1401 545 1454 Pamphilum
568 1396 645 1439 effe
669 1400 764 1437 cela-

111 1473 202 1499 tum.
261 1460 390 1498 Omnes
418 1472 486 1498 nos
507 1457 620 1495 celare
641 1453 765 1494 volue-

111 1516 184 1563 ris]
213 1517 387 1567 Antiqua
402 1514 556 1561 locutio,
569 1510 674 1552 Illam
690 1523 767 1550 rem

113 1573 187 1611 celo
211 1585 255 1610 te.
313 1574 362 1612 D.

173 1627 377 1679 Tantopere
413 1623 546 1671 omnes]
585 1626 687 1664 Vett.
728 1631 767 1661 et

114 1680 184 1723 Ms.
196 1688 237 1724 R.
257 1694 444 1734 tantopere
462 1679 528 1719 hos
538 1690 668 1723 omnes.
700 1681 741 1719 L.

168 1738 389 1778 Troehaeus
411 1738 450 1776 in
470 1748 515 1775 ea
536 1733 626 1774 sede
643 1735 771 1773 minus

117 1794 171 1834 est
196 1806 336 1848 gratus.
393 1796 496 1846 Ergo
515 1803 666 1844 repone
688 1790 771 1828 Nos

118 1852 226 1890 celari
244 1851 416 1890 volueris.
445 1859 484 1888 vt
502 1846 605 1887 infra
631 1859 699 1895 lv,
733 1860 774 1899 4,

120 1918 186 1960 23.
243 1909 283 1946 B.

183 1965 230 2004 16
269 1959 487 2012 Praesertim
522 1971 636 2012 quum
660 1970 695 1996 et
724 1970 774 1996 re-

125 2017 199 2064 fle,
235 2030 270 2056 et
302 2029 463 2068 tempore
484 2014 554 2067 suo
574 2013 776 2067 pepererit]

124 2073 242 2120 Vide,
262 2072 363 2112 duae
381 2068 512 2110 causae
530 2068 777 2109 suntcelandi

127 2140 278 2180 partus:
309 2128 333 2167 si
356 2141 438 2167 non
457 2138 619 2179 tempore
629 2125 703 2176 fico
718 2138 779 2164 ve-

127 2186 241 2230 nerit,
262 2183 365 2234 quod
385 2183 568 2222 indicium
578 2181 695 2232 stupri
706 2179 779 2218 est:

130 2250 171 2278 et
198 2239 222 2279 fi
253 2253 330 2278 non
356 2240 448 2278 rec'ie
483 2238 682 2278 euenerit:
711 2235 782 2274 hoc

131 2294 196 2344 est,
219 2295 372 2334 monstri
393 2292 538 2345 aliquid
560 2303 692 2331 natum
704 2290 784 2331 sue-

131 2352 191 2392 rit.
221 2353 292 2391 Hic
312 2362 438 2389 autem
460 2360 497 2388 et
518 2359 695 2400 tempore
706 2345 783 2393 suo,

133 2417 176 2446 et
234 2407 334 2444 scole
388 2416 518 2444 natum
575 2402 780 2454 praedicat.

134 2461 356 2513 Praqfirtim
386 2474 498 2513 quum
524 2473 558 2499 et
585 2460 691 2507 reae]
721 2462 787 2498 At-

135 2519 221 2559 tulit
241 2517 392 2556 mulieri
420 2515 692 2567 compendium
712 2526 788 2552 cre-

135 2575 273 2613 dulitas
295 2571 393 2612 senis
413 2569 527 2610 semel
545 2574 720 2622 correpu’,
739 2583 792 2609 ne

138 2631 248 2669 aliter
283 2626 499 2680 suspicetur.
568 2624 790 2678 Praefirtim

138 2700 246 2739 quum
272 2697 306 2722 et
333 2686 443 2731 reae,
471 2696 506 2721 et
529 2695 686 2734 tempore
697 2681 789 2735 suo]

142 2741 258 2790 Reae,
285 2740 330 2779 ad
352 2739 445 2778 illud
467 2740 644 2790 pertinet,
671 2737 790 2787 Quod

813 1350 980 1394 guantes
1001 1336 1079 1376 effe
1098 1334 1399 1380 musaeum-unt,
1432 1330 1474 1371 id

815 1395 867 1436 est
881 1425 891 1444 ,
923 1394 970 1434 ad
989 1391 1179 1434 menfium
1199 1389 1476 1429 dinumeratio-

815 1464 928 1491 nem:
959 1451 1048 1502 quia
1079 1459 1119 1487 et
1146 1445 1312 1499 septimo
1344 1441 1479 1484 mense

816 1505 917 1547 nasci
937 1504 1070 1546 solent.
1126 1505 1173 1543 D.

872 1560 1081 1616 Pepererit]
1113 1556 1241 1601 Ms.R.
1249 1557 1406 1610 peperit.
1438 1556 1478 1594 L.

874 1631 926 1672 17
954 1620 1084 1658 Adeon
1108 1616 1295 1668 peruicaci
1322 1611 1385 1664 qffi*
1404 1613 1481 1648 am·-

820 1677 893 1724 mo]
945 1672 1133 1714 Inueetio.
1190 1669 1323 1710 Adeon
1358 1669 1481 1720 perui-

822 1732 899 1770 caci
920 1730 997 1783 effi]
1029 1729 1216 1768 Pernicax
1236 1725 1289 1765 est
1301 1721 1481 1778 perseue-

823 1799 910 1827 rans
930 1799 1016 1825 cum
1036 1783 1201 1836 quadam
1225 1782 1274 1821 vi.
1333 1781 1383 1820 Vt
1399 1790 1484 1831 pue-

822 1856 905 1882 rum
919 1853 1158 1895 praeoptares
1170 1838 1311 1891 perire]
1342 1835 1403 1878 Ab
1415 1845 1480 1873 ae-

824 1910 902 1938 tate
920 1896 1091 1942 infantis,
1117 1893 1276 1934 inuidia.
1332 1895 1380 1932 D.

883 1962 931 2004 18
963 1955 1024 1992 Ex
1048 1965 1117 2005 quo
1146 1949 1353 2001 firmiorem
1383 1949 1482 1986 inter

825 2025 889 2051 nos
908 2009 1000 2063 sore
1023 2009 1224 2047 amicitiam
1237 2003 1388 2058 posthac
1406 2002 1484 2052 fii·

824 2065 897 2113 ret]
929 2065 991 2106 Ab
1012 2062 1287 2107 accidentibus,
1317 2059 1481 2100 Inuidia.

827 2128 876 2166 Et
899 2122 1005 2162 bene
1032 2120 1186 2160 additur
1210 2119 1349 2157 Scirem
1393 2115 1484 2165 quia

830 2177 1096 2230 imprudentia
1136 2176 1176 2213 in
1210 2172 1350 2212 delifio
1378 2170 1486 2208 veni-

832 2249 892 2274 am
911 2233 1136 2282 frequenter
1156 2227 1321 2268 extoriit.
1375 2229 1424 2267 D.

892 2302 940 2342 19
972 2289 1118 2333 Poiius,
1154 2298 1263 2338 quam
1291 2281 1489 2332 aduerstem

832 2348 947 2385 animi
966 2348 1026 2384 tui
1046 2340 1262 2394 lubidinem]
1295 2342 1328 2379 Α
1349 2339 1488 2376 volun·

836 2412 914 2440 tate
935 2399 1139 2451 peccantis,
1161 2395 1330 2441 inuidia,
1360 2396 1489 2434 Animi

836 2459 892 2497 tui
909 2454 1104 2494 lubidinem
1128 2452 1241 2501 dixit,
1270 2462 1308 2489 vt
1328 2451 1491 2489 minima

837 2509 943 2552 causa
967 2511 1118 2563 magnis
1145 2505 1347 2547 sceleribus
1367 2504 1492 2545 subie-

838 2570 893 2607 &a
915 2563 1018 2605 effer.
1077 2564 1170 2617 lzffioe
1190 2578 1266 2603 cum
1277 2561 1338 2600 illo
1352 2561 1489 2615 nupta]

839 2624 997 2675 Antiqui
1036 2634 1119 2660 non
1145 2619 1203 2660 1112·
1237 2631 1370 2672 nupta:
1409 2616 1487 2662 scd,

840 2681 931 2720 Cum
970 2677 1031 2718 illo
1065 2688 1190 2730 nupta.
1245 2679 1349 2730 Ergo
1378 2672 1491 2712 ambo

838 2735 906 2774 fibi
927 2735 1095 2774 inuicem
1115 2732 1280 2773 nubunt.
1335 2732 1383 2771 D.
