<?xml version="1.0" encoding="UTF-8"?>
<!DOCTYPE html PUBLIC "-//W3C//DTD XHTML 1.0 Transitional//EN"
    "http://www.w3.org/TR/xhtml1/DTD/xhtml1-transitional.dtd">
<html xmlns="http://www.w3.org/1999/xhtml" xml:lang="en" lang="en">
 <head>
  <title>
</title>
<meta http-equiv="Content-Type" content="text/html;charset=utf-8" />
  <meta name='ocr-system' content='tesseract 3.04.00' />
  <meta name='ocr-capabilities' content='ocr_page ocr_carea ocr_par ocr_line ocrx_word'/>
</head>
<body>
  <div class='ocr_page' id='page_1' title='image "./comoediaesexexre02tereuoft_0039.png"; bbox 0 0 1891 3308; ppageno 0'>
   <div class='ocr_carea' id='block_1_1' title="bbox 648 191 940 241">
    <p class='ocr_par' dir='ltr' id='par_1_1' title="bbox 648 191 940 241">
     <span class='ocr_line' id='line_1_1' title="bbox 648 191 940 241; baseline -0.01 0"><span class='ocrx_word' id='word_1_1' title='bbox 648 191 940 241; x_wconf 85' lang='lat' dir='ltr'><strong>ADELPH.</strong></span> 
     </span>
    </p>
   </div>
   <div class='ocr_carea' id='block_1_2' title="bbox 1409 197 1467 236">
    <p class='ocr_par' dir='ltr' id='par_1_2' title="bbox 1409 197 1467 236">
     <span class='ocr_line' id='line_1_2' title="bbox 1409 197 1467 236; baseline -0.017 0"><span class='ocrx_word' id='word_1_2' title='bbox 1409 197 1467 236; x_wconf 80' lang='grc' dir='ltr'>ἸΙ</span> 
     </span>
    </p>
   </div>
   <div class='ocr_carea' id='block_1_3' title="bbox 165 317 1389 687">
    <p class='ocr_par' dir='ltr' id='par_1_3' title="bbox 165 317 1389 687">
     <span class='ocr_line' id='line_1_3' title="bbox 233 317 1238 391; baseline -0.007 -20"><span class='ocrx_word' id='word_1_3' title='bbox 233 321 438 391; x_wconf 68' lang='grc' dir='ltr'>Ρῐοῖεξὶο</span> <span class='ocrx_word' id='word_1_4' title='bbox 453 320 548 371; x_wconf 45' lang='lat' dir='ltr'>&#39;hoc</span> <span class='ocrx_word' id='word_1_5' title='bbox 571 341 672 372; x_wconf 85' lang='lat' dir='ltr'>vere</span> <span class='ocrx_word' id='word_1_6' title='bbox 696 324 860 376; x_wconf 86' lang='lat' dir='ltr'>dicunt,</span> <span class='ocrx_word' id='word_1_7' title='bbox 881 320 910 368; x_wconf 86' lang='lat' dir='ltr'>si</span> <span class='ocrx_word' id='word_1_8' title='bbox 933 317 1038 367; x_wconf 79' lang='lat' dir='ltr'>absis</span> <span class='ocrx_word' id='word_1_9' title='bbox 1062 319 1238 383; x_wconf 83' lang='lat' dir='ltr'>vspiam,</span> 
     </span>
     <span class='ocr_line' id='line_1_4' title="bbox 237 394 1144 453; baseline -0.007 -7"><span class='ocrx_word' id='word_1_10' title='bbox 237 404 330 447; x_wconf 88' lang='lat' dir='ltr'>Aut</span> <span class='ocrx_word' id='word_1_11' title='bbox 353 401 424 448; x_wconf 87' lang='lat' dir='ltr'>vbi</span> <span class='ocrx_word' id='word_1_12' title='bbox 448 399 475 447; x_wconf 83' lang='lat' dir='ltr'>fi</span> <span class='ocrx_word' id='word_1_13' title='bbox 499 398 641 453; x_wconf 74' lang='lat' dir='ltr'>cesses,</span> <span class='ocrx_word' id='word_1_14' title='bbox 663 402 842 447; x_wconf 84' lang='lat' dir='ltr'>euenire</span> <span class='ocrx_word' id='word_1_15' title='bbox 862 416 911 445; x_wconf 84' lang='lat' dir='ltr'>ea</span> <span class='ocrx_word' id='word_1_16' title='bbox 937 397 1060 444; x_wconf 73' lang='lat' dir='ltr'>satius</span> <span class='ocrx_word' id='word_1_17' title='bbox 1085 394 1144 442; x_wconf 87' lang='lat' dir='ltr'>est</span> 
     </span>
     <span class='ocr_line' id='line_1_5' title="bbox 165 473 1389 542; baseline -0.005 -18"><span class='ocrx_word' id='word_1_18' title='bbox 165 491 195 542; x_wconf 72' lang='lat'>5</span> <span class='ocrx_word' id='word_1_19' title='bbox 237 481 363 531; x_wconf 86' lang='lat' dir='ltr'><strong>Quae</strong></span> <span class='ocrx_word' id='word_1_20' title='bbox 384 479 428 523; x_wconf 87' lang='lat' dir='ltr'>in</span> <span class='ocrx_word' id='word_1_21' title='bbox 458 488 500 524; x_wconf 87' lang='lat' dir='ltr'>te</span> <span class='ocrx_word' id='word_1_22' title='bbox 521 495 627 524; x_wconf 83' lang='lat' dir='ltr'>vxor</span> <span class='ocrx_word' id='word_1_23' title='bbox 648 478 763 529; x_wconf 84' lang='lat' dir='ltr'>dicit,</span> <span class='ocrx_word' id='word_1_24' title='bbox 788 487 831 522; x_wconf 89' lang='lat' dir='ltr'>et</span> <span class='ocrx_word' id='word_1_25' title='bbox 852 491 962 539; x_wconf 86' lang='lat' dir='ltr'>quae</span> <span class='ocrx_word' id='word_1_26' title='bbox 986 476 1030 520; x_wconf 88' lang='lat' dir='ltr'>in</span> <span class='ocrx_word' id='word_1_27' title='bbox 1055 475 1202 519; x_wconf 84' lang='lat' dir='ltr'>animo</span> <span class='ocrx_word' id='word_1_28' title='bbox 1227 473 1389 533; x_wconf 81' lang='lat' dir='ltr'><strong>cogitat</strong></span> 
     </span>
     <span class='ocr_line' id='line_1_6' title="bbox 237 551 1198 617; baseline -0.005 -16"><span class='ocrx_word' id='word_1_29' title='bbox 237 557 364 608; x_wconf 85' lang='lat' dir='ltr'>Irata,</span> <span class='ocrx_word' id='word_1_30' title='bbox 387 571 516 617; x_wconf 82' lang='lat' dir='ltr'>quam</span> <span class='ocrx_word' id='word_1_31' title='bbox 540 551 755 617; x_wconf 32' lang='lat' dir='ltr'>illamquae</span> <span class='ocrx_word' id='word_1_32' title='bbox 777 563 978 616; x_wconf 77' lang='lat' dir='ltr'>parentes</span> <span class='ocrx_word' id='word_1_33' title='bbox 998 551 1198 615; x_wconf 77' lang='lat' dir='ltr'>propitii.</span> 
     </span>
     <span class='ocr_line' id='line_1_7' title="bbox 238 626 1116 687; baseline -0.008 -8"><span class='ocrx_word' id='word_1_34' title='bbox 238 635 375 685; x_wconf 85' lang='lat' dir='ltr'>onr,</span> <span class='ocrx_word' id='word_1_35' title='bbox 398 630 427 677; x_wconf 89' lang='lat' dir='ltr'>fi</span> <span class='ocrx_word' id='word_1_36' title='bbox 451 626 592 683; x_wconf 73' lang='lat' dir='ltr'>cesses,</span> <span class='ocrx_word' id='word_1_37' title='bbox 617 632 693 678; x_wconf 67' lang='lat' dir='ltr'>auti</span> <span class='ocrx_word' id='word_1_38' title='bbox 709 643 752 677; x_wconf 83' lang='lat' dir='ltr'>te</span> <span class='ocrx_word' id='word_1_39' title='bbox 773 645 917 675; x_wconf 78' lang='lat' dir='ltr'>amare</span> <span class='ocrx_word' id='word_1_40' title='bbox 941 629 1116 687; x_wconf 79' lang='lat' dir='ltr'>cogitat,</span> 
     </span>
    </p>
   </div>
   <div class='ocr_carea' id='block_1_4' title="bbox 75 792 772 1806">
    <p class='ocr_par' dir='ltr' id='par_1_4' title="bbox 75 792 772 1581">
     <span class='ocr_line' id='line_1_8' title="bbox 161 792 762 847; baseline 0 -14"><span class='ocrx_word' id='word_1_41' title='bbox 161 806 186 847; x_wconf 80' lang='lat'><em>3</em></span> <span class='ocrx_word' id='word_1_42' title='bbox 219 793 393 847; x_wconf 71' lang='lat' dir='ltr'>Prtfi’c‘to</span> <span class='ocrx_word' id='word_1_43' title='bbox 416 792 483 833; x_wconf 80' lang='lat' dir='ltr'>hoc</span> <span class='ocrx_word' id='word_1_44' title='bbox 508 806 592 832; x_wconf 87' lang='lat' dir='ltr'>vere</span> <span class='ocrx_word' id='word_1_45' title='bbox 614 792 762 847; x_wconf 84' lang='lat' dir='ltr'>dicunt]</span> 
     </span>
     <span class='ocr_line' id='line_1_9' title="bbox 106 848 765 906; baseline -0.003 -14"><span class='ocrx_word' id='word_1_46' title='bbox 106 848 322 892; x_wconf 85' lang='lat' dir='ltr'>Absolute:</span> <span class='ocrx_word' id='word_1_47' title='bbox 371 865 453 890; x_wconf 85' lang='lat' dir='ltr'>non</span> <span class='ocrx_word' id='word_1_48' title='bbox 485 850 634 890; x_wconf 85' lang='lat' dir='ltr'>addidit</span> <span class='ocrx_word' id='word_1_49' title='bbox 673 852 765 906; x_wconf 77' lang='lat' dir='ltr'>Qi.</span> 
     </span>
     <span class='ocr_line' id='line_1_10' title="bbox 106 905 766 962; baseline -0.008 -13"><span class='ocrx_word' id='word_1_50' title='bbox 106 909 152 949; x_wconf 78' lang='lat' dir='ltr'>Si</span> <span class='ocrx_word' id='word_1_51' title='bbox 170 907 264 960; x_wconf 64' lang='lat' dir='ltr'><em>absis</em></span> <span class='ocrx_word' id='word_1_52' title='bbox 293 906 451 962; x_wconf 73' lang='lat' dir='ltr'>vspiczm]</span> <span class='ocrx_word' id='word_1_53' title='bbox 491 907 678 948; x_wconf 86' lang='lat' dir='ltr'>Abundat</span> <span class='ocrx_word' id='word_1_54' title='bbox 710 905 766 957; x_wconf 74' lang='lat' dir='ltr'>vs</span> 
     </span>
     <span class='ocr_line' id='line_1_11' title="bbox 101 963 769 1019; baseline -0.003 -16"><span class='ocrx_word' id='word_1_55' title='bbox 101 967 216 1018; x_wconf 79' lang='lat' dir='ltr'>piam,</span> <span class='ocrx_word' id='word_1_56' title='bbox 244 975 309 1003; x_wconf 83' lang='lat' dir='ltr'>aut</span> <span class='ocrx_word' id='word_1_57' title='bbox 326 964 432 1004; x_wconf 83' lang='lat' dir='ltr'>deest</span> <span class='ocrx_word' id='word_1_58' title='bbox 451 963 666 1019; x_wconf 51' lang='lat' dir='ltr'>Profectus,</span> <span class='ocrx_word' id='word_1_59' title='bbox 705 974 769 1002; x_wconf 81' lang='lat' dir='ltr'>aut</span> 
     </span>
     <span class='ocr_line' id='line_1_12' title="bbox 107 1020 769 1074; baseline -0.003 -14"><span class='ocrx_word' id='word_1_60' title='bbox 107 1021 203 1072; x_wconf 85' lang='lat' dir='ltr'>quid</span> <span class='ocrx_word' id='word_1_61' title='bbox 229 1022 325 1067; x_wconf 80' lang='lat' dir='ltr'>tale,</span> <span class='ocrx_word' id='word_1_62' title='bbox 360 1032 423 1060; x_wconf 87' lang='lat' dir='ltr'>aut</span> <span class='ocrx_word' id='word_1_63' title='bbox 454 1021 517 1061; x_wconf 85' lang='lat' dir='ltr'>vbi</span> <span class='ocrx_word' id='word_1_64' title='bbox 545 1020 619 1074; x_wconf 81' lang='lat' dir='ltr'><em>(ibi</em></span> <span class='ocrx_word' id='word_1_65' title='bbox 643 1020 769 1059; x_wconf 84' lang='lat' dir='ltr'>edidit</span> 
     </span>
     <span class='ocr_line' id='line_1_13' title="bbox 107 1075 769 1131; baseline -0.002 -14"><span class='ocrx_word' id='word_1_66' title='bbox 107 1079 279 1118; x_wconf 82' lang='lat' dir='ltr'>Faernus</span> <span class='ocrx_word' id='word_1_67' title='bbox 316 1079 374 1130; x_wconf 85' lang='lat' dir='ltr'>Z.)</span> <span class='ocrx_word' id='word_1_68' title='bbox 413 1077 581 1131; x_wconf 75' lang='lat' dir='ltr'>vspiam:</span> <span class='ocrx_word' id='word_1_69' title='bbox 624 1075 769 1130; x_wconf 49' lang='lat' dir='ltr'>signifi*-</span> 
     </span>
     <span class='ocr_line' id='line_1_14' title="bbox 107 1131 768 1191; baseline -0.005 -17"><span class='ocrx_word' id='word_1_70' title='bbox 107 1145 168 1174; x_wconf 87' lang='lat' dir='ltr'>cat</span> <span class='ocrx_word' id='word_1_71' title='bbox 200 1135 306 1191; x_wconf 80' lang='lat' dir='ltr'>enim</span> <span class='ocrx_word' id='word_1_72' title='bbox 332 1131 476 1174; x_wconf 83' lang='lat' dir='ltr'>scilicet</span> <span class='ocrx_word' id='word_1_73' title='bbox 502 1134 639 1190; x_wconf 76' lang='lat' dir='ltr'>vspiam</span> <span class='ocrx_word' id='word_1_74' title='bbox 667 1145 705 1172; x_wconf 92' lang='lat' dir='ltr'>et</span> <span class='ocrx_word' id='word_1_75' title='bbox 727 1135 768 1172; x_wconf 88' lang='lat' dir='ltr'>in</span> 
     </span>
     <span class='ocr_line' id='line_1_15' title="bbox 107 1188 769 1242; baseline 0 -13"><span class='ocrx_word' id='word_1_76' title='bbox 107 1191 214 1239; x_wconf 84' lang='lat' dir='ltr'>loco,</span> <span class='ocrx_word' id='word_1_77' title='bbox 261 1188 302 1231; x_wconf 82' lang='lat' dir='ltr'>et</span> <span class='ocrx_word' id='word_1_78' title='bbox 331 1190 378 1231; x_wconf 81' lang='lat' dir='ltr'>ad</span> <span class='ocrx_word' id='word_1_79' title='bbox 404 1192 546 1230; x_wconf 85' lang='lat' dir='ltr'>locum.</span> <span class='ocrx_word' id='word_1_80' title='bbox 604 1192 649 1232; x_wconf 87' lang='lat' dir='ltr'>Si</span> <span class='ocrx_word' id='word_1_81' title='bbox 675 1189 769 1242; x_wconf 80' lang='lat' dir='ltr'><em>abszs</em></span> 
     </span>
     <span class='ocr_line' id='line_1_16' title="bbox 75 1247 770 1302; baseline 0 -16"><span class='ocrx_word' id='word_1_82' title='bbox 75 1280 78 1281; x_wconf 16' lang='grc' dir='ltr'><em>γ</em></span> <span class='ocrx_word' id='word_1_83' title='bbox 106 1247 247 1302; x_wconf 82' lang='lat' dir='ltr'><em>vspiam</em></span> <span class='ocrx_word' id='word_1_84' title='bbox 267 1260 335 1287; x_wconf 86' lang='lat' dir='ltr'>aut</span> <span class='ocrx_word' id='word_1_85' title='bbox 346 1247 412 1286; x_wconf 85' lang='lat' dir='ltr'>vbi</span> <span class='ocrx_word' id='word_1_86' title='bbox 423 1247 466 1298; x_wconf 83' lang='lat' dir='ltr'><em>fi</em></span> <span class='ocrx_word' id='word_1_87' title='bbox 479 1247 589 1301; x_wconf 82' lang='lat' dir='ltr'>cesses.</span> <span class='ocrx_word' id='word_1_88' title='bbox 646 1247 686 1287; x_wconf 79' lang='lat' dir='ltr'>Sz·</span> <span class='ocrx_word' id='word_1_89' title='bbox 708 1247 770 1287; x_wconf 84' lang='lat' dir='ltr'>ab·</span> 
     </span>
     <span class='ocr_line' id='line_1_17' title="bbox 95 1300 771 1358; baseline -0.003 -15"><span class='ocrx_word' id='word_1_90' title='bbox 95 1302 176 1357; x_wconf 79' lang='lat' dir='ltr'>fis,</span> <span class='ocrx_word' id='word_1_91' title='bbox 205 1305 253 1344; x_wconf 82' lang='lat' dir='ltr'>ad</span> <span class='ocrx_word' id='word_1_92' title='bbox 282 1315 460 1356; x_wconf 85' lang='lat' dir='ltr'>parentes</span> <span class='ocrx_word' id='word_1_93' title='bbox 490 1300 698 1358; x_wconf 61' lang='lat' dir='ltr'>propitio&#39;s:</span> <span class='ocrx_word' id='word_1_94' title='bbox 731 1301 771 1341; x_wconf 83' lang='lat' dir='ltr'>Si</span> 
     </span>
     <span class='ocr_line' id='line_1_18' title="bbox 109 1358 772 1414; baseline -0.005 -14"><span class='ocrx_word' id='word_1_95' title='bbox 109 1360 224 1414; x_wconf 83' lang='lat' dir='ltr'><em>cesses,</em></span> <span class='ocrx_word' id='word_1_96' title='bbox 252 1361 298 1399; x_wconf 86' lang='lat' dir='ltr'>ad</span> <span class='ocrx_word' id='word_1_97' title='bbox 319 1375 477 1400; x_wconf 75' lang='lat' dir='ltr'>vxorem</span> <span class='ocrx_word' id='word_1_98' title='bbox 497 1364 632 1401; x_wconf 85' lang='lat' dir='ltr'>iratam</span> <span class='ocrx_word' id='word_1_99' title='bbox 651 1358 772 1399; x_wconf 84' lang='lat' dir='ltr'>refert</span> 
     </span>
     <span class='ocr_line' id='line_1_19' title="bbox 109 1413 772 1469; baseline -0.005 -12"><span class='ocrx_word' id='word_1_100' title='bbox 109 1420 153 1458; x_wconf 81' lang='lat' dir='ltr'>in</span> <span class='ocrx_word' id='word_1_101' title='bbox 185 1415 419 1456; x_wconf 81' lang='lat' dir='ltr'><strong>desertorem</strong></span> <span class='ocrx_word' id='word_1_102' title='bbox 445 1419 582 1469; x_wconf 85' lang='lat' dir='ltr'>(Forte</span> <span class='ocrx_word' id='word_1_103' title='bbox 621 1413 772 1467; x_wconf 80' lang='lat' dir='ltr'>expres-</span> 
     </span>
     <span class='ocr_line' id='line_1_20' title="bbox 108 1473 772 1515; baseline -0.008 0"><span class='ocrx_word' id='word_1_104' title='bbox 108 1473 192 1515; x_wconf 79' lang='lat' dir='ltr'>sum</span> <span class='ocrx_word' id='word_1_105' title='bbox 212 1473 290 1512; x_wconf 80' lang='lat' dir='ltr'>fuit</span> <span class='ocrx_word' id='word_1_106' title='bbox 309 1486 458 1513; x_wconf 89' lang='lat' dir='ltr'>nomen</span> <span class='ocrx_word' id='word_1_107' title='bbox 479 1473 617 1513; x_wconf 86' lang='lat' dir='ltr'>veteris</span> <span class='ocrx_word' id='word_1_108' title='bbox 635 1474 772 1514; x_wconf 83' lang='lat' dir='ltr'>Gram-</span> 
     </span>
     <span class='ocr_line' id='line_1_21' title="bbox 109 1531 378 1581; baseline -0.015 -10"><span class='ocrx_word' id='word_1_109' title='bbox 109 1531 274 1581; x_wconf 82' lang='lat' dir='ltr'>matici).</span> <span class='ocrx_word' id='word_1_110' title='bbox 328 1532 378 1570; x_wconf 94' lang='lat' dir='ltr'>D.</span> 
     </span>
    </p>

    <p class='ocr_par' dir='ltr' id='par_1_5' title="bbox 111 1583 772 1806">
     <span class='ocr_line' id='line_1_22' title="bbox 167 1583 771 1639; baseline -0.005 -13"><span class='ocrx_word' id='word_1_111' title='bbox 167 1587 209 1626; x_wconf 79' lang='lat' dir='ltr'>Si</span> <span class='ocrx_word' id='word_1_112' title='bbox 235 1583 325 1637; x_wconf 74' lang='lat' dir='ltr'>alfis</span> <span class='ocrx_word' id='word_1_113' title='bbox 347 1585 505 1639; x_wconf 76' lang='lat' dir='ltr'><em>vspiam]</em></span> <span class='ocrx_word' id='word_1_114' title='bbox 532 1585 575 1625; x_wconf 84' lang='lat' dir='ltr'>Id</span> <span class='ocrx_word' id='word_1_115' title='bbox 598 1585 670 1633; x_wconf 85' lang='lat' dir='ltr'>est,</span> <span class='ocrx_word' id='word_1_116' title='bbox 706 1585 771 1624; x_wconf 84' lang='lat' dir='ltr'>ali-</span> 
     </span>
     <span class='ocr_line' id='line_1_23' title="bbox 112 1640 769 1690; baseline -0.008 -7"><span class='ocrx_word' id='word_1_117' title='bbox 112 1643 200 1683; x_wconf 92' lang='lat' dir='ltr'>cubi</span> <span class='ocrx_word' id='word_1_118' title='bbox 230 1640 370 1681; x_wconf 87' lang='lat' dir='ltr'>otiosus</span> <span class='ocrx_word' id='word_1_119' title='bbox 397 1644 519 1690; x_wconf 82' lang='lat' dir='ltr'>viuas,</span> <span class='ocrx_word' id='word_1_120' title='bbox 546 1642 685 1680; x_wconf 84' lang='lat' dir='ltr'>melius</span> <span class='ocrx_word' id='word_1_121' title='bbox 706 1640 769 1687; x_wconf 85' lang='lat' dir='ltr'>est,</span> 
     </span>
     <span class='ocr_line' id='line_1_24' title="bbox 112 1697 771 1751; baseline -0.008 -11"><span class='ocrx_word' id='word_1_122' title='bbox 112 1700 184 1741; x_wconf 92' lang='lat' dir='ltr'>tibi</span> <span class='ocrx_word' id='word_1_123' title='bbox 204 1700 386 1744; x_wconf 85' lang='lat' dir='ltr'>euenire,</span> <span class='ocrx_word' id='word_1_124' title='bbox 412 1698 515 1751; x_wconf 89' lang='lat' dir='ltr'>quod</span> <span class='ocrx_word' id='word_1_125' title='bbox 543 1697 593 1737; x_wconf 90' lang='lat' dir='ltr'>de</span> <span class='ocrx_word' id='word_1_126' title='bbox 611 1710 650 1736; x_wconf 86' lang='lat' dir='ltr'>te</span> <span class='ocrx_word' id='word_1_127' title='bbox 669 1698 771 1749; x_wconf 80' lang='lat' dir='ltr'>cogi-</span> 
     </span>
     <span class='ocr_line' id='line_1_25' title="bbox 111 1755 772 1806; baseline -0.009 -9"><span class='ocrx_word' id='word_1_128' title='bbox 111 1768 165 1799; x_wconf 88' lang='lat' dir='ltr'>tat</span> <span class='ocrx_word' id='word_1_129' title='bbox 183 1769 276 1795; x_wconf 84' lang='lat' dir='ltr'>vxor</span> <span class='ocrx_word' id='word_1_130' title='bbox 294 1757 406 1795; x_wconf 78' lang='lat' dir='ltr'>irata:</span> <span class='ocrx_word' id='word_1_131' title='bbox 435 1767 534 1806; x_wconf 85' lang='lat' dir='ltr'>quae</span> <span class='ocrx_word' id='word_1_132' title='bbox 547 1756 678 1806; x_wconf 83' lang='lat' dir='ltr'>vtique</span> <span class='ocrx_word' id='word_1_133' title='bbox 691 1755 772 1792; x_wconf 82' lang='lat' dir='ltr'>ani-</span> 
     </span>
    </p>
   </div>
   <div class='ocr_carea' id='block_1_5' title="bbox 1385 704 1477 747">
    <p class='ocr_par' dir='ltr' id='par_1_6' title="bbox 1385 704 1477 747">
     <span class='ocr_line' id='line_1_26' title="bbox 1385 704 1477 747; baseline 0.011 -1"><span class='ocrx_word' id='word_1_134' title='bbox 1385 704 1477 747; x_wconf 82' lang='lat' dir='ltr'>Aut</span> 
     </span>
    </p>
   </div>
   <div class='ocr_carea' id='block_1_6' title="bbox 816 785 1480 1067">
    <p class='ocr_par' dir='ltr' id='par_1_7' title="bbox 816 785 1480 1067">
     <span class='ocr_line' id='line_1_27' title="bbox 816 785 1478 845; baseline -0.009 -13"><span class='ocrx_word' id='word_1_135' title='bbox 816 805 917 845; x_wconf 85' lang='lat' dir='ltr'>quae</span> <span class='ocrx_word' id='word_1_136' title='bbox 944 791 986 830; x_wconf 84' lang='lat' dir='ltr'>in</span> <span class='ocrx_word' id='word_1_137' title='bbox 1015 788 1142 828; x_wconf 83' lang='lat' dir='ltr'>verbis</span> <span class='ocrx_word' id='word_1_138' title='bbox 1174 785 1228 825; x_wconf 89' lang='lat' dir='ltr'>est</span> <span class='ocrx_word' id='word_1_139' title='bbox 1263 785 1478 826; x_wconf 83' lang='lat' dir='ltr'>constituta.</span> 
     </span>
     <span class='ocr_line' id='line_1_28' title="bbox 817 842 1478 901; baseline -0.014 -13"><span class='ocrx_word' id='word_1_140' title='bbox 817 851 926 901; x_wconf 78' lang='lat' dir='ltr'>Virg.</span> <span class='ocrx_word' id='word_1_141' title='bbox 948 848 1068 899; x_wconf 85' lang='lat' dir='ltr'>(Aen.</span> <span class='ocrx_word' id='word_1_142' title='bbox 1090 859 1138 890; x_wconf 87' lang='lat'>11,</span> <span class='ocrx_word' id='word_1_143' title='bbox 1161 844 1274 897; x_wconf 82' lang='lat'>124.)</span> <span class='ocrx_word' id='word_1_144' title='bbox 1315 845 1364 882; x_wconf 86' lang='lat' dir='ltr'>Et</span> <span class='ocrx_word' id='word_1_145' title='bbox 1385 842 1478 881; x_wconf 65' lang='lat' dir='ltr'>milae·</span> 
     </span>
     <span class='ocr_line' id='line_1_29' title="bbox 818 898 1479 946; baseline -0.015 0"><span class='ocrx_word' id='word_1_146' title='bbox 818 909 895 946; x_wconf 83' lang='lat' dir='ltr'>iam</span> <span class='ocrx_word' id='word_1_147' title='bbox 912 903 1021 943; x_wconf 81' lang='lat' dir='ltr'>multi</span> <span class='ocrx_word' id='word_1_148' title='bbox 1043 902 1184 941; x_wconf 85' lang='lat' dir='ltr'>crudele</span> <span class='ocrx_word' id='word_1_149' title='bbox 1205 898 1380 938; x_wconf 81' lang='lat' dir='ltr'>canebant</span> <span class='ocrx_word' id='word_1_150' title='bbox 1405 903 1479 937; x_wconf 80' lang='lat' dir='ltr'>Ar·</span> 
     </span>
     <span class='ocr_line' id='line_1_30' title="bbox 818 959 1478 1015; baseline -0.015 -12"><span class='ocrx_word' id='word_1_151' title='bbox 818 961 931 1015; x_wconf 81' lang='lat' dir='ltr'>tificis</span> <span class='ocrx_word' id='word_1_152' title='bbox 954 960 1099 1012; x_wconf 74' lang='lat' dir='ltr'>fielus,</span> <span class='ocrx_word' id='word_1_153' title='bbox 1133 972 1167 997; x_wconf 89' lang='lat' dir='ltr'>et</span> <span class='ocrx_word' id='word_1_154' title='bbox 1197 959 1305 996; x_wconf 79' lang='lat' dir='ltr'>taciti</span> <span class='ocrx_word' id='word_1_155' title='bbox 1322 970 1478 995; x_wconf 73' lang='lat' dir='ltr'>ventura</span> 
     </span>
     <span class='ocr_line' id='line_1_31' title="bbox 818 1012 1480 1067; baseline -0.015 -7"><span class='ocrx_word' id='word_1_156' title='bbox 818 1018 1008 1060; x_wconf 80' lang='lat' dir='ltr'>videbant.</span> <span class='ocrx_word' id='word_1_157' title='bbox 1062 1018 1110 1057; x_wconf 88' lang='lat' dir='ltr'>Et</span> <span class='ocrx_word' id='word_1_158' title='bbox 1133 1012 1213 1067; x_wconf 86' lang='lat' dir='ltr'>ipse</span> <span class='ocrx_word' id='word_1_159' title='bbox 1233 1013 1338 1062; x_wconf 83' lang='lat' dir='ltr'>alibi,</span> <span class='ocrx_word' id='word_1_160' title='bbox 1366 1014 1480 1051; x_wconf 84' lang='lat' dir='ltr'>Nunc</span> 
     </span>
    </p>
   </div>
   <div class='ocr_carea' id='block_1_7' title="bbox 806 1069 1480 1130">
    <p class='ocr_par' dir='ltr' id='par_1_8' title="bbox 806 1069 1480 1130">
     <span class='ocr_line' id='line_1_32' title="bbox 806 1069 1480 1130; baseline -0.01 -15"><span class='ocrx_word' id='word_1_161' title='bbox 806 1076 945 1130; x_wconf 79' lang='lat' dir='ltr'>siquis</span> <span class='ocrx_word' id='word_1_162' title='bbox 965 1074 1013 1127; x_wconf 82' lang='lat' dir='ltr'>est</span> <span class='ocrx_word' id='word_1_163' title='bbox 1031 1076 1093 1126; x_wconf 82' lang='lat' dir='ltr'>qui</span> <span class='ocrx_word' id='word_1_164' title='bbox 1115 1072 1183 1111; x_wconf 83' lang='lat' dir='ltr'>hoc</span> <span class='ocrx_word' id='word_1_165' title='bbox 1204 1071 1316 1118; x_wconf 81' lang='lat' dir='ltr'>dicat,</span> <span class='ocrx_word' id='word_1_166' title='bbox 1345 1083 1411 1110; x_wconf 81' lang='lat' dir='ltr'>aut</span> <span class='ocrx_word' id='word_1_167' title='bbox 1425 1069 1480 1123; x_wconf 87' lang='lat' dir='ltr'>fic</span> 
     </span>
    </p>
   </div>
   <div class='ocr_carea' id='block_1_8' title="bbox 818 1135 1483 1746">
    <p class='ocr_par' dir='ltr' id='par_1_9' title="bbox 819 1135 1075 1189">
     <span class='ocr_line' id='line_1_33' title="bbox 819 1135 1075 1189; baseline -0.02 -14"><span class='ocrx_word' id='word_1_168' title='bbox 819 1137 963 1189; x_wconf 78' lang='lat' dir='ltr'>cogitet.</span> <span class='ocrx_word' id='word_1_169' title='bbox 1022 1135 1075 1173; x_wconf 90' lang='lat' dir='ltr'>D.</span> 
     </span>
    </p>

    <p class='ocr_par' dir='ltr' id='par_1_10' title="bbox 818 1182 1480 1413">
     <span class='ocr_line' id='line_1_34' title="bbox 874 1182 1478 1244; baseline -0.013 -15"><span class='ocrx_word' id='word_1_170' title='bbox 874 1193 899 1233; x_wconf 92' lang='lat'><strong>6</strong></span> <span class='ocrx_word' id='word_1_171' title='bbox 930 1189 1058 1244; x_wconf 68' lang='lat' dir='ltr'>Qtam</span> <span class='ocrx_word' id='word_1_172' title='bbox 1083 1184 1146 1225; x_wconf 83' lang='lat' dir='ltr'>illa</span> <span class='ocrx_word' id='word_1_173' title='bbox 1171 1197 1264 1238; x_wconf 81' lang='lat' dir='ltr'>quae</span> <span class='ocrx_word' id='word_1_174' title='bbox 1285 1182 1478 1237; x_wconf 82' lang='lat' dir='ltr'>parentes]</span> 
     </span>
     <span class='ocr_line' id='line_1_35' title="bbox 818 1241 1480 1295; baseline -0.015 -8"><span class='ocrx_word' id='word_1_175' title='bbox 818 1245 994 1295; x_wconf 81' lang='lat' dir='ltr'>Erudite‚</span> <span class='ocrx_word' id='word_1_176' title='bbox 1026 1258 1109 1283; x_wconf 91' lang='lat' dir='ltr'>non</span> <span class='ocrx_word' id='word_1_177' title='bbox 1129 1241 1279 1282; x_wconf 84' lang='lat' dir='ltr'>addidit</span> <span class='ocrx_word' id='word_1_178' title='bbox 1298 1241 1338 1280; x_wconf 91' lang='lat' dir='ltr'>in</span> <span class='ocrx_word' id='word_1_179' title='bbox 1359 1253 1480 1292; x_wconf 87' lang='lat' dir='ltr'>quem</span> 
     </span>
     <span class='ocr_line' id='line_1_36' title="bbox 820 1297 1478 1354; baseline -0.015 -10"><span class='ocrx_word' id='word_1_180' title='bbox 820 1304 941 1352; x_wconf 82' lang='lat' dir='ltr'>dicat,</span> <span class='ocrx_word' id='word_1_181' title='bbox 967 1302 1059 1354; x_wconf 85' lang='lat' dir='ltr'>quia</span> <span class='ocrx_word' id='word_1_182' title='bbox 1081 1297 1146 1339; x_wconf 87' lang='lat' dir='ltr'>scit</span> <span class='ocrx_word' id='word_1_183' title='bbox 1165 1298 1326 1338; x_wconf 83' lang='lat' dir='ltr'>nomina</span> <span class='ocrx_word' id='word_1_184' title='bbox 1351 1297 1478 1336; x_wconf 82' lang='lat' dir='ltr'>vxoris</span> 
     </span>
     <span class='ocr_line' id='line_1_37' title="bbox 821 1352 1479 1413; baseline -0.015 -12"><span class='ocrx_word' id='word_1_185' title='bbox 821 1364 1074 1413; x_wconf 69' lang='lat' dir='ltr'>etpaientum</span> <span class='ocrx_word' id='word_1_186' title='bbox 1091 1360 1155 1394; x_wconf 74' lang='grc' dir='ltr'>τῶν</span> <span class='ocrx_word' id='word_1_187' title='bbox 1167 1353 1250 1401; x_wconf 69' lang='grc' dir='ltr'>πςδς</span> <span class='ocrx_word' id='word_1_188' title='bbox 1268 1362 1301 1391; x_wconf 71' lang='grc' dir='ltr'>τὶ</span> <span class='ocrx_word' id='word_1_189' title='bbox 1314 1352 1402 1393; x_wconf 81' lang='lat' dir='ltr'>effe.</span> <span class='ocrx_word' id='word_1_190' title='bbox 1431 1355 1479 1392; x_wconf 89' lang='lat' dir='ltr'>D.</span> 
     </span>
    </p>

    <p class='ocr_par' dir='ltr' id='par_1_11' title="bbox 820 1407 1483 1746">
     <span class='ocr_line' id='line_1_38' title="bbox 877 1407 1483 1466; baseline -0.015 -10"><span class='ocrx_word' id='word_1_191' title='bbox 877 1417 1051 1456; x_wconf 71' lang='lat' dir='ltr'>Parentes</span> <span class='ocrx_word' id='word_1_192' title='bbox 1065 1411 1242 1466; x_wconf 71' lang='lat' dir='ltr'>propitii]</span> <span class='ocrx_word' id='word_1_193' title='bbox 1273 1410 1315 1451; x_wconf 88' lang='lat' dir='ltr'>ld</span> <span class='ocrx_word' id='word_1_194' title='bbox 1328 1409 1391 1459; x_wconf 86' lang='lat' dir='ltr'>est,</span> <span class='ocrx_word' id='word_1_195' title='bbox 1404 1407 1483 1448; x_wconf 78' lang='lat' dir='ltr'>san-</span> 
     </span>
     <span class='ocr_line' id='line_1_39' title="bbox 823 1465 1483 1523; baseline -0.015 -10"><span class='ocrx_word' id='word_1_196' title='bbox 823 1474 870 1513; x_wconf 68' lang='lat' dir='ltr'>&amp;i</span> <span class='ocrx_word' id='word_1_197' title='bbox 898 1485 936 1511; x_wconf 88' lang='lat' dir='ltr'>et</span> <span class='ocrx_word' id='word_1_198' title='bbox 960 1468 1127 1523; x_wconf 76' lang='lat' dir='ltr'>religiosi</span> <span class='ocrx_word' id='word_1_199' title='bbox 1156 1469 1316 1513; x_wconf 86' lang='lat' dir='ltr'>timent,</span> <span class='ocrx_word' id='word_1_200' title='bbox 1347 1479 1400 1504; x_wconf 88' lang='lat' dir='ltr'>ne</span> <span class='ocrx_word' id='word_1_201' title='bbox 1419 1465 1483 1504; x_wconf 85' lang='lat' dir='ltr'>ab-</span> 
     </span>
     <span class='ocr_line' id='line_1_40' title="bbox 822 1523 1483 1576; baseline -0.015 -6"><span class='ocrx_word' id='word_1_202' title='bbox 822 1527 993 1570; x_wconf 84' lang='lat' dir='ltr'>sentibus</span> <span class='ocrx_word' id='word_1_203' title='bbox 1018 1528 1102 1565; x_wconf 65' lang='lat' dir='ltr'>filiis</span> <span class='ocrx_word' id='word_1_204' title='bbox 1124 1523 1269 1576; x_wconf 82' lang='lat' dir='ltr'>aliquid</span> <span class='ocrx_word' id='word_1_205' title='bbox 1287 1523 1375 1562; x_wconf 82' lang='lat' dir='ltr'>mali</span> <span class='ocrx_word' id='word_1_206' title='bbox 1391 1535 1483 1561; x_wconf 83' lang='lat' dir='ltr'>eue-</span> 
     </span>
     <span class='ocr_line' id='line_1_41' title="bbox 824 1579 1481 1632; baseline -0.015 -6"><span class='ocrx_word' id='word_1_207' title='bbox 824 1588 916 1626; x_wconf 83' lang='lat' dir='ltr'>niat.</span> <span class='ocrx_word' id='word_1_208' title='bbox 983 1584 1142 1623; x_wconf 79' lang='lat' dir='ltr'>Dehinc</span> <span class='ocrx_word' id='word_1_209' title='bbox 1177 1596 1198 1620; x_wconf 92' lang='lat' dir='ltr'>a</span> <span class='ocrx_word' id='word_1_210' title='bbox 1227 1580 1404 1632; x_wconf 73' lang='lat' dir='ltr'>generali</span> <span class='ocrx_word' id='word_1_211' title='bbox 1432 1579 1481 1617; x_wconf 80' lang='lat' dir='ltr'>ad</span> 
     </span>
     <span class='ocr_line' id='line_1_42' title="bbox 820 1636 1482 1695; baseline -0.011 -14"><span class='ocrx_word' id='word_1_212' title='bbox 820 1640 985 1695; x_wconf 82' lang='lat' dir='ltr'>speciale</span> <span class='ocrx_word' id='word_1_213' title='bbox 1010 1638 1148 1679; x_wconf 64' lang='lat' dir='ltr'>transit.</span> <span class='ocrx_word' id='word_1_214' title='bbox 1206 1636 1289 1692; x_wconf 82' lang='lat' dir='ltr'>Ego</span> <span class='ocrx_word' id='word_1_215' title='bbox 1307 1638 1482 1689; x_wconf 75' lang='lat' dir='ltr'>quianon</span> 
     </span>
     <span class='ocr_line' id='line_1_43' title="bbox 821 1698 1125 1746; baseline -0.02 -7"><span class='ocrx_word' id='word_1_216' title='bbox 821 1700 931 1746; x_wconf 79' lang='lat' dir='ltr'>redit,</span> <span class='ocrx_word' id='word_1_217' title='bbox 957 1708 1027 1736; x_wconf 89' lang='lat' dir='ltr'>etc.</span> <span class='ocrx_word' id='word_1_218' title='bbox 1083 1698 1125 1735; x_wconf 86' lang='lat' dir='ltr'>E.</span> 
     </span>
    </p>
   </div>
   <div class='ocr_carea' id='block_1_9' title="bbox 876 1749 1480 1805">
    <p class='ocr_par' dir='ltr' id='par_1_12' title="bbox 876 1749 1480 1805">
     <span class='ocr_line' id='line_1_44' title="bbox 876 1749 1480 1805; baseline -0.015 -11"><span class='ocrx_word' id='word_1_219' title='bbox 876 1767 902 1805; x_wconf 90' lang='lat'>7</span> <span class='ocrx_word' id='word_1_220' title='bbox 934 1749 1214 1804; x_wconf 64' lang='lat' dir='ltr'>onrfi&#39;cqlses]</span> <span class='ocrx_word' id='word_1_221' title='bbox 1236 1750 1373 1799; x_wconf 82' lang='lat' dir='ltr'>Quare</span> <span class='ocrx_word' id='word_1_222' title='bbox 1386 1762 1480 1795; x_wconf 78' lang='lat' dir='ltr'>non,</span> 
     </span>
    </p>
   </div>
   <div class='ocr_carea' id='block_1_10' title="bbox 113 1802 1482 1865">
    <p class='ocr_par' dir='ltr' id='par_1_13' title="bbox 113 1802 1482 1865">
     <span class='ocr_line' id='line_1_45' title="bbox 113 1802 1482 1865; baseline -0.008 -12"><span class='ocrx_word' id='word_1_223' title='bbox 113 1827 177 1853; x_wconf 93' lang='lat' dir='ltr'>mo</span> <span class='ocrx_word' id='word_1_224' title='bbox 197 1813 395 1865; x_wconf 80' lang='lat' dir='ltr'>coniugali</span> <span class='ocrx_word' id='word_1_225' title='bbox 418 1812 468 1851; x_wconf 81' lang='lat' dir='ltr'>de</span> <span class='ocrx_word' id='word_1_226' title='bbox 493 1813 630 1851; x_wconf 80' lang='lat' dir='ltr'>marito</span> <span class='ocrx_word' id='word_1_227' title='bbox 660 1808 773 1862; x_wconf 82' lang='lat' dir='ltr'>suspi-</span> <span class='ocrx_word' id='word_1_228' title='bbox 810 1809 973 1864; x_wconf 77' lang='lat' dir='ltr'>fiabsz&#39;s?</span> <span class='ocrx_word' id='word_1_229' title='bbox 993 1824 1040 1850; x_wconf 87' lang='lat' dir='ltr'>an</span> <span class='ocrx_word' id='word_1_230' title='bbox 1063 1809 1153 1861; x_wconf 83' lang='lat' dir='ltr'>quia</span> <span class='ocrx_word' id='word_1_231' title='bbox 1171 1805 1302 1844; x_wconf 86' lang='lat' dir='ltr'>iustius</span> <span class='ocrx_word' id='word_1_232' title='bbox 1315 1802 1482 1849; x_wconf 63' lang='lat' dir='ltr'>cestium,</span> 
     </span>
    </p>
   </div>
   <div class='ocr_carea' id='block_1_11' title="bbox 107 1870 778 2827">
    <p class='ocr_par' dir='ltr' id='par_1_14' title="bbox 113 1870 772 1990">
     <span class='ocr_line' id='line_1_46' title="bbox 113 1870 772 1920; baseline -0.003 -12"><span class='ocrx_word' id='word_1_233' title='bbox 113 1880 236 1918; x_wconf 80' lang='lat' dir='ltr'>catur,</span> <span class='ocrx_word' id='word_1_234' title='bbox 267 1870 371 1920; x_wconf 85' lang='lat' dir='ltr'>quod</span> <span class='ocrx_word' id='word_1_235' title='bbox 393 1870 551 1908; x_wconf 84' lang='lat' dir='ltr'>alteram</span> <span class='ocrx_word' id='word_1_236' title='bbox 577 1878 701 1917; x_wconf 81' lang='lat' dir='ltr'>amet,</span> <span class='ocrx_word' id='word_1_237' title='bbox 729 1880 772 1907; x_wconf 86' lang='lat' dir='ltr'>ac</span> 
     </span>
     <span class='ocr_line' id='line_1_47' title="bbox 113 1924 763 1990; baseline -0.005 -24"><span class='ocrx_word' id='word_1_238' title='bbox 113 1927 169 1967; x_wconf 90' lang='lat' dir='ltr'>illi</span> <span class='ocrx_word' id='word_1_239' title='bbox 190 1924 256 1965; x_wconf 90' lang='lat' dir='ltr'>soli</span> <span class='ocrx_word' id='word_1_240' title='bbox 275 1926 318 1965; x_wconf 83' lang='lat' dir='ltr'>fit</span> <span class='ocrx_word' id='word_1_241' title='bbox 335 1925 449 1964; x_wconf 87' lang='lat' dir='ltr'>bene.</span> <span class='ocrx_word' id='word_1_242' title='bbox 507 1929 552 1966; x_wconf 86' lang='lat' dir='ltr'>E.</span> <span class='ocrx_word' id='word_1_243' title='bbox 756 1958 763 1990; x_wconf 40' lang='grc' dir='ltr'><strong><em>ἑ</em></strong></span> 
     </span>
    </p>

    <p class='ocr_par' dir='ltr' id='par_1_15' title="bbox 107 1982 775 2261">
     <span class='ocr_line' id='line_1_48' title="bbox 168 1982 772 2033; baseline -0.007 -11"><span class='ocrx_word' id='word_1_244' title='bbox 168 1995 196 2033; x_wconf 87' lang='lat'>4</span> <span class='ocrx_word' id='word_1_245' title='bbox 231 1982 305 2022; x_wconf 77' lang='lat' dir='ltr'>Etsi</span> <span class='ocrx_word' id='word_1_246' title='bbox 340 1982 478 2023; x_wconf 80' lang='lat' dir='ltr'>Faerni</span> <span class='ocrx_word' id='word_1_247' title='bbox 510 1982 600 2022; x_wconf 81' lang='lat' dir='ltr'>libri</span> <span class='ocrx_word' id='word_1_248' title='bbox 635 1993 772 2020; x_wconf 83' lang='lat' dir='ltr'>omnes</span> 
     </span>
     <span class='ocr_line' id='line_1_49' title="bbox 114 2037 772 2089; baseline -0.002 -13"><span class='ocrx_word' id='word_1_249' title='bbox 114 2037 274 2087; x_wconf 83' lang='lat' dir='ltr'>habent,</span> <span class='ocrx_word' id='word_1_250' title='bbox 286 2050 351 2078; x_wconf 83' lang='lat' dir='ltr'>aut</span> <span class='ocrx_word' id='word_1_251' title='bbox 368 2041 419 2078; x_wconf 80' lang='lat' dir='ltr'>ibi</span> <span class='ocrx_word' id='word_1_252' title='bbox 431 2054 444 2082; x_wconf 89' lang='lat'>,·</span> <span class='ocrx_word' id='word_1_253' title='bbox 464 2050 627 2089; x_wconf 79' lang='lat' dir='ltr'>quatuor</span> <span class='ocrx_word' id='word_1_254' title='bbox 640 2048 772 2077; x_wconf 86' lang='lat' dir='ltr'>tamen</span> 
     </span>
     <span class='ocr_line' id='line_1_50' title="bbox 117 2094 768 2146; baseline -0.003 -12"><span class='ocrx_word' id='word_1_255' title='bbox 117 2108 141 2134; x_wconf 92' lang='lat' dir='ltr'>e</span> <span class='ocrx_word' id='word_1_256' title='bbox 161 2095 295 2134; x_wconf 83' lang='lat' dir='ltr'>nostris</span> <span class='ocrx_word' id='word_1_257' title='bbox 314 2096 429 2143; x_wconf 51' lang='lat' dir='ltr'>reete,</span> <span class='ocrx_word' id='word_1_258' title='bbox 450 2108 513 2134; x_wconf 85' lang='lat' dir='ltr'>aut</span> <span class='ocrx_word' id='word_1_259' title='bbox 530 2094 650 2146; x_wconf 65' lang='lat' dir='ltr'>vhifi}</span> <span class='ocrx_word' id='word_1_260' title='bbox 673 2094 710 2133; x_wconf 86' lang='lat' dir='ltr'>h.</span> <span class='ocrx_word' id='word_1_261' title='bbox 733 2108 768 2133; x_wconf 88' lang='lat' dir='ltr'>e.</span> 
     </span>
     <span class='ocr_line' id='line_1_51' title="bbox 107 2151 775 2204; baseline 0.001 -14"><span class='ocrx_word' id='word_1_262' title='bbox 107 2151 228 2204; x_wconf 77' lang='lat' dir='ltr'>sicubi</span> <span class='ocrx_word' id='word_1_263' title='bbox 247 2151 356 2204; x_wconf 65' lang='lat' dir='ltr'>cesses.</span> <span class='ocrx_word' id='word_1_264' title='bbox 395 2155 442 2191; x_wconf 89' lang='lat' dir='ltr'>Et</span> <span class='ocrx_word' id='word_1_265' title='bbox 460 2151 507 2190; x_wconf 80' lang='lat' dir='ltr'>iic</span> <span class='ocrx_word' id='word_1_266' title='bbox 524 2152 655 2192; x_wconf 82' lang='lat' dir='ltr'>laudat</span> <span class='ocrx_word' id='word_1_267' title='bbox 664 2153 775 2192; x_wconf 84' lang='lat' dir='ltr'>Seru.</span> 
     </span>
     <span class='ocr_line' id='line_1_52' title="bbox 117 2207 607 2261; baseline 0 -14"><span class='ocrx_word' id='word_1_268' title='bbox 117 2207 166 2247; x_wconf 82' lang='lat' dir='ltr'>ad</span> <span class='ocrx_word' id='word_1_269' title='bbox 186 2212 286 2248; x_wconf 85' lang='lat' dir='ltr'>Aen.</span> <span class='ocrx_word' id='word_1_270' title='bbox 309 2222 381 2257; x_wconf 83' lang='lat'>111,</span> <span class='ocrx_word' id='word_1_271' title='bbox 412 2221 506 2261; x_wconf 88' lang='lat'>430.</span> <span class='ocrx_word' id='word_1_272' title='bbox 566 2213 607 2250; x_wconf 90' lang='lat' dir='ltr'>B.</span> 
     </span>
    </p>

    <p class='ocr_par' dir='ltr' id='par_1_16' title="bbox 109 2263 778 2827">
     <span class='ocr_line' id='line_1_53' title="bbox 175 2263 770 2319; baseline -0.007 -13"><span class='ocrx_word' id='word_1_273' title='bbox 175 2278 198 2319; x_wconf 83' lang='lat'><em>5</em></span> <span class='ocrx_word' id='word_1_274' title='bbox 232 2266 350 2314; x_wconf 80' lang='lat' dir='ltr'>onr}</span> <span class='ocrx_word' id='word_1_275' title='bbox 370 2263 770 2311; x_wconf 81' lang='lat' dir='ltr'>Subaudiendumest,</span> 
     </span>
     <span class='ocr_line' id='line_1_54' title="bbox 118 2319 772 2373; baseline 0 -14"><span class='ocrx_word' id='word_1_276' title='bbox 118 2319 226 2360; x_wconf 85' lang='lat' dir='ltr'>Dicit</span> <span class='ocrx_word' id='word_1_277' title='bbox 263 2325 361 2360; x_wconf 79' lang='lat' dir='ltr'>irata</span> <span class='ocrx_word' id='word_1_278' title='bbox 397 2336 496 2361; x_wconf 83' lang='lat' dir='ltr'><em>vxor</em></span> <span class='ocrx_word' id='word_1_279' title='bbox 529 2321 772 2373; x_wconf 75' lang='lat' dir='ltr'>(Subaudien-</span> 
     </span>
     <span class='ocr_line' id='line_1_55' title="bbox 119 2377 777 2428; baseline -0.002 -11"><span class='ocrx_word' id='word_1_280' title='bbox 119 2378 206 2417; x_wconf 88' lang='lat' dir='ltr'>dum</span> <span class='ocrx_word' id='word_1_281' title='bbox 225 2377 271 2428; x_wconf 80' lang='lat' dir='ltr'>est</span> <span class='ocrx_word' id='word_1_282' title='bbox 290 2377 394 2418; x_wconf 87' lang='lat' dir='ltr'>dicit.</span> <span class='ocrx_word' id='word_1_283' title='bbox 451 2390 467 2418; x_wconf 92' lang='lat'>1</span> <span class='ocrx_word' id='word_1_284' title='bbox 482 2391 507 2419; x_wconf 78' lang='lat' dir='ltr'>R</span> <span class='ocrx_word' id='word_1_285' title='bbox 520 2392 549 2418; x_wconf 85' lang='lat' dir='ltr'>A</span> <span class='ocrx_word' id='word_1_286' title='bbox 564 2393 651 2426; x_wconf 77' lang='lat' dir='ltr'>TA,</span> <span class='ocrx_word' id='word_1_287' title='bbox 676 2390 777 2417; x_wconf 84' lang='lat' dir='ltr'><em>vxor</em></span> 
     </span>
     <span class='ocr_line' id='line_1_56' title="bbox 109 2432 775 2487; baseline 0.002 -16"><span class='ocrx_word' id='word_1_288' title='bbox 109 2433 265 2487; x_wconf 82' lang='lat' dir='ltr'>scilicet.</span> <span class='ocrx_word' id='word_1_289' title='bbox 313 2432 385 2474; x_wconf 85' lang='lat' dir='ltr'>Ms.</span> <span class='ocrx_word' id='word_1_290' title='bbox 421 2434 568 2474; x_wconf 84' lang='lat' dir='ltr'>Boend.</span> <span class='ocrx_word' id='word_1_291' title='bbox 604 2445 644 2473; x_wconf 90' lang='lat' dir='ltr'>et</span> <span class='ocrx_word' id='word_1_292' title='bbox 675 2433 775 2475; x_wconf 86' lang='lat' dir='ltr'>Edd.</span> 
     </span>
     <span class='ocr_line' id='line_1_57' title="bbox 119 2489 777 2543; baseline 0 -13"><span class='ocrx_word' id='word_1_293' title='bbox 119 2492 243 2541; x_wconf 85' lang='lat' dir='ltr'>vett,).</span> <span class='ocrx_word' id='word_1_294' title='bbox 301 2489 403 2543; x_wconf 76' lang='lat' dir='ltr'>Qae</span> <span class='ocrx_word' id='word_1_295' title='bbox 414 2493 453 2530; x_wconf 86' lang='lat' dir='ltr'>in</span> <span class='ocrx_word' id='word_1_296' title='bbox 472 2495 610 2537; x_wconf 77' lang='lat' dir='ltr'><em>animo]</em></span> <span class='ocrx_word' id='word_1_297' title='bbox 636 2492 777 2538; x_wconf 21' lang='lat' dir='ltr'>*Omne</span> 
     </span>
     <span class='ocr_line' id='line_1_58' title="bbox 120 2544 776 2600; baseline 0 -16"><span class='ocrx_word' id='word_1_298' title='bbox 120 2547 226 2599; x_wconf 87' lang='lat' dir='ltr'>quod</span> <span class='ocrx_word' id='word_1_299' title='bbox 247 2544 439 2596; x_wconf 83' lang='lat' dir='ltr'>sentimus,</span> <span class='ocrx_word' id='word_1_300' title='bbox 468 2559 533 2586; x_wconf 87' lang='lat' dir='ltr'>aut</span> <span class='ocrx_word' id='word_1_301' title='bbox 551 2548 776 2600; x_wconf 80' lang='lat' dir='ltr'>cogitamus,</span> 
     </span>
     <span class='ocr_line' id='line_1_59' title="bbox 120 2603 775 2655; baseline 0.003 -14"><span class='ocrx_word' id='word_1_302' title='bbox 120 2614 186 2644; x_wconf 79' lang='lat' dir='ltr'>aut</span> <span class='ocrx_word' id='word_1_303' title='bbox 206 2603 388 2641; x_wconf 83' lang='lat' dir='ltr'>dicimus:</span> <span class='ocrx_word' id='word_1_304' title='bbox 417 2616 455 2644; x_wconf 86' lang='lat' dir='ltr'>et</span> <span class='ocrx_word' id='word_1_305' title='bbox 473 2616 676 2655; x_wconf 76' lang='lat' dir='ltr'>vtrumque</span> <span class='ocrx_word' id='word_1_306' title='bbox 704 2617 775 2655; x_wconf 85' lang='lat' dir='ltr'>pro</span> 
     </span>
     <span class='ocr_line' id='line_1_60' title="bbox 119 2658 778 2704; baseline -0.003 -6"><span class='ocrx_word' id='word_1_307' title='bbox 119 2661 300 2698; x_wconf 82' lang='lat' dir='ltr'>oratione</span> <span class='ocrx_word' id='word_1_308' title='bbox 329 2658 392 2697; x_wconf 87' lang='lat' dir='ltr'>est.</span> <span class='ocrx_word' id='word_1_309' title='bbox 450 2661 526 2700; x_wconf 85' lang='lat' dir='ltr'>Sed</span> <span class='ocrx_word' id='word_1_310' title='bbox 559 2662 622 2700; x_wconf 81' lang='lat' dir='ltr'>illa</span> <span class='ocrx_word' id='word_1_311' title='bbox 652 2665 778 2704; x_wconf 60' lang='lat' dir='ltr'>§uem-‚1-</span> 
     </span>
     <span class='ocr_line' id='line_1_61' title="bbox 116 2715 775 2771; baseline 0.005 -20"><span class='ocrx_word' id='word_1_312' title='bbox 116 2719 262 2761; x_wconf 68' lang='grc' dir='ltr'>ματικᾱς</span> <span class='ocrx_word' id='word_1_313' title='bbox 284 2727 382 2766; x_wconf 83' lang='lat' dir='ltr'>quae</span> <span class='ocrx_word' id='word_1_314' title='bbox 404 2715 443 2755; x_wconf 85' lang='lat' dir='ltr'>in</span> <span class='ocrx_word' id='word_1_315' title='bbox 455 2718 690 2771; x_wconf 80' lang='lat' dir='ltr'>cogitatione</span> <span class='ocrx_word' id='word_1_316' title='bbox 701 2717 775 2757; x_wconf 87' lang='lat' dir='ltr'>est:</span> 
     </span>
     <span class='ocr_line' id='line_1_62' title="bbox 116 2771 778 2827; baseline 0.003 -16"><span class='ocrx_word' id='word_1_317' title='bbox 116 2771 216 2813; x_wconf 75' lang='lat' dir='ltr'>haec</span> <span class='ocrx_word' id='word_1_318' title='bbox 248 2772 453 2822; x_wconf 63' lang='lat' dir='ltr'>veoqaogmdc</span> <span class='ocrx_word' id='word_1_319' title='bbox 489 2771 587 2820; x_wconf 67' lang='grc' dir='ltr'><em>λόγος</em></span> <span class='ocrx_word' id='word_1_320' title='bbox 624 2774 778 2827; x_wconf 61' lang='grc' dir='ltr'>ἀὴίῑιιι·,</span> 
     </span>
    </p>
   </div>
   <div class='ocr_carea' id='block_1_12' title="bbox 823 1860 1492 2823">
    <p class='ocr_par' dir='ltr' id='par_1_17' title="bbox 823 1860 1492 2823">
     <span class='ocr_line' id='line_1_63' title="bbox 823 1860 1479 1921; baseline -0.015 -12"><span class='ocrx_word' id='word_1_321' title='bbox 823 1883 936 1921; x_wconf 86' lang='lat' dir='ltr'>quam</span> <span class='ocrx_word' id='word_1_322' title='bbox 949 1864 1096 1907; x_wconf 80' lang='lat' dir='ltr'>absenti</span> <span class='ocrx_word' id='word_1_323' title='bbox 1117 1860 1410 1904; x_wconf 78' lang='lat' dir='ltr'>succensemus?</span> <span class='ocrx_word' id='word_1_324' title='bbox 1431 1875 1479 1899; x_wconf 79' lang='lat' dir='ltr'>an</span> 
     </span>
     <span class='ocr_line' id='line_1_64' title="bbox 824 1915 1484 1980; baseline -0.009 -15"><span class='ocrx_word' id='word_1_325' title='bbox 824 1926 913 1980; x_wconf 74' lang='lat' dir='ltr'>quia</span> <span class='ocrx_word' id='word_1_326' title='bbox 961 1926 1054 1963; x_wconf 85' lang='lat' dir='ltr'>irata</span> <span class='ocrx_word' id='word_1_327' title='bbox 1095 1934 1188 1960; x_wconf 75' lang='lat' dir='ltr'>vxor</span> <span class='ocrx_word' id='word_1_328' title='bbox 1209 1950 1216 1967; x_wconf 91' lang='lat'>,</span> <span class='ocrx_word' id='word_1_329' title='bbox 1266 1917 1291 1957; x_wconf 87' lang='lat' dir='ltr'>fi</span> <span class='ocrx_word' id='word_1_330' title='bbox 1340 1915 1484 1959; x_wconf 71' lang='lat' dir='ltr'>cesses?</span> 
     </span>
     <span class='ocr_line' id='line_1_65' title="bbox 824 1975 1483 2031; baseline -0.02 -8"><span class='ocrx_word' id='word_1_331' title='bbox 824 1986 903 2024; x_wconf 76' lang='lat' dir='ltr'>Aut</span> <span class='ocrx_word' id='word_1_332' title='bbox 944 1996 978 2022; x_wconf 87' lang='lat' dir='ltr'>te</span> <span class='ocrx_word' id='word_1_333' title='bbox 1024 1992 1147 2019; x_wconf 72' lang='lat' dir='ltr'>amare</span> <span class='ocrx_word' id='word_1_334' title='bbox 1192 1977 1350 2031; x_wconf 70' lang='lat' dir='ltr'>cogitat]</span> <span class='ocrx_word' id='word_1_335' title='bbox 1400 1975 1483 2014; x_wconf 71' lang='grc' dir='ltr'>Ε’πε</span> 
     </span>
     <span class='ocr_line' id='line_1_66' title="bbox 824 2034 1483 2088; baseline -0.02 -10"><span class='ocrx_word' id='word_1_336' title='bbox 824 2039 965 2088; x_wconf 63' lang='grc' dir='ltr'>ξῆγησις</span> <span class='ocrx_word' id='word_1_337' title='bbox 995 2051 1081 2076; x_wconf 86' lang='lat' dir='ltr'>cum</span> <span class='ocrx_word' id='word_1_338' title='bbox 1109 2040 1307 2081; x_wconf 67' lang='grc' dir='ltr'>ἐξεργασίᾳ,</span> <span class='ocrx_word' id='word_1_339' title='bbox 1339 2034 1416 2071; x_wconf 79' lang='lat' dir='ltr'>Aut</span> <span class='ocrx_word' id='word_1_340' title='bbox 1448 2044 1483 2070; x_wconf 81' lang='lat' dir='ltr'>te</span> 
     </span>
     <span class='ocr_line' id='line_1_67' title="bbox 823 2089 1485 2149; baseline -0.021 -12"><span class='ocrx_word' id='word_1_341' title='bbox 823 2110 952 2145; x_wconf 73' lang='lat' dir='ltr'>amare</span> <span class='ocrx_word' id='word_1_342' title='bbox 979 2095 1140 2149; x_wconf 74' lang='lat' dir='ltr'>cogitat.</span> <span class='ocrx_word' id='word_1_343' title='bbox 1208 2091 1303 2138; x_wconf 76' lang='lat' dir='ltr'>Aut]</span> <span class='ocrx_word' id='word_1_344' title='bbox 1347 2089 1485 2130; x_wconf 85' lang='lat' dir='ltr'>Minus</span> 
     </span>
     <span class='ocr_line' id='line_1_68' title="bbox 825 2145 1485 2207; baseline -0.017 -13"><span class='ocrx_word' id='word_1_345' title='bbox 825 2153 971 2207; x_wconf 80' lang='lat' dir='ltr'>peccati</span> <span class='ocrx_word' id='word_1_346' title='bbox 1010 2150 1064 2189; x_wconf 81' lang='lat' dir='ltr'>e‘st</span> <span class='ocrx_word' id='word_1_347' title='bbox 1090 2146 1210 2187; x_wconf 86' lang='lat' dir='ltr'>amori</span> <span class='ocrx_word' id='word_1_348' title='bbox 1238 2145 1395 2197; x_wconf 86' lang='lat' dir='ltr'>proprio</span> <span class='ocrx_word' id='word_1_349' title='bbox 1426 2157 1485 2183; x_wconf 79' lang='lat' dir='ltr'>ce-</span> 
     </span>
     <span class='ocr_line' id='line_1_69' title="bbox 825 2197 1487 2260; baseline -0.02 -10"><span class='ocrx_word' id='word_1_350' title='bbox 825 2211 929 2258; x_wconf 83' lang='lat' dir='ltr'>dere,</span> <span class='ocrx_word' id='word_1_351' title='bbox 954 2222 1069 2260; x_wconf 82' lang='lat' dir='ltr'>quam</span> <span class='ocrx_word' id='word_1_352' title='bbox 1089 2205 1217 2244; x_wconf 81' lang='lat' dir='ltr'>alieno</span> <span class='ocrx_word' id='word_1_353' title='bbox 1239 2202 1357 2240; x_wconf 84' lang='lat' dir='ltr'>amori</span> <span class='ocrx_word' id='word_1_354' title='bbox 1380 2197 1487 2238; x_wconf 79' lang='lat' dir='ltr'>obse-</span> 
     </span>
     <span class='ocr_line' id='line_1_70' title="bbox 827 2256 1483 2320; baseline -0.018 -14"><span class='ocrx_word' id='word_1_355' title='bbox 827 2268 905 2320; x_wconf 84' lang='lat' dir='ltr'>qui,</span> <span class='ocrx_word' id='word_1_356' title='bbox 935 2265 1103 2305; x_wconf 71' lang='lat' dir='ltr'>muliare</span> <span class='ocrx_word' id='word_1_357' title='bbox 1123 2259 1372 2314; x_wconf 81' lang='lat' dir='ltr'>impellente,</span> <span class='ocrx_word' id='word_1_358' title='bbox 1402 2256 1483 2295; x_wconf 76' lang='lat' dir='ltr'>line</span> 
     </span>
     <span class='ocr_line' id='line_1_71' title="bbox 826 2313 1486 2372; baseline -0.02 -9"><span class='ocrx_word' id='word_1_359' title='bbox 826 2336 947 2363; x_wconf 76' lang='lat' dir='ltr'>vxore</span> <span class='ocrx_word' id='word_1_360' title='bbox 974 2331 1127 2372; x_wconf 82' lang='lat' dir='ltr'>potare,</span> <span class='ocrx_word' id='word_1_361' title='bbox 1163 2325 1229 2354; x_wconf 84' lang='lat' dir='ltr'>aut</span> <span class='ocrx_word' id='word_1_362' title='bbox 1254 2315 1358 2354; x_wconf 79' lang='lat' dir='ltr'>velle</span> <span class='ocrx_word' id='word_1_363' title='bbox 1388 2313 1486 2354; x_wconf 86' lang='lat' dir='ltr'>deli·</span> 
     </span>
     <span class='ocr_line' id='line_1_72' title="bbox 827 2368 1487 2429; baseline -0.021 -9"><span class='ocrx_word' id='word_1_364' title='bbox 827 2382 912 2420; x_wconf 83' lang='lat' dir='ltr'>cias.</span> <span class='ocrx_word' id='word_1_365' title='bbox 977 2382 1082 2429; x_wconf 81' lang='lat' dir='ltr'>Ergo</span> <span class='ocrx_word' id='word_1_366' title='bbox 1115 2372 1250 2419; x_wconf 64' lang='grc' dir='ltr'>αὔξησις</span> <span class='ocrx_word' id='word_1_367' title='bbox 1284 2370 1366 2410; x_wconf 82' lang='lat' dir='ltr'>est:</span> <span class='ocrx_word' id='word_1_368' title='bbox 1415 2368 1487 2410; x_wconf 75' lang='lat' dir='ltr'>nisi</span> 
     </span>
     <span class='ocr_line' id='line_1_73' title="bbox 826 2427 1486 2479; baseline -0.02 -3"><span class='ocrx_word' id='word_1_369' title='bbox 826 2436 931 2477; x_wconf 84' lang='lat' dir='ltr'>forte</span> <span class='ocrx_word' id='word_1_370' title='bbox 952 2436 1000 2478; x_wconf 70' lang='grc' dir='ltr'>τῷ</span> <span class='ocrx_word' id='word_1_371' title='bbox 1021 2432 1191 2475; x_wconf 72' lang='grc' dir='ltr'>ἰδιωτισμῷ</span> <span class='ocrx_word' id='word_1_372' title='bbox 1213 2427 1286 2466; x_wconf 83' lang='lat' dir='ltr'>hoc</span> <span class='ocrx_word' id='word_1_373' title='bbox 1306 2438 1486 2479; x_wconf 78' lang='lat' dir='ltr'>putamus</span> 
     </span>
     <span class='ocr_line' id='line_1_74' title="bbox 827 2485 1487 2538; baseline -0.02 -6"><span class='ocrx_word' id='word_1_374' title='bbox 827 2493 983 2533; x_wconf 57' lang='lat' dir='ltr'>dicium.</span> <span class='ocrx_word' id='word_1_375' title='bbox 1034 2491 1112 2529; x_wconf 84' lang='lat' dir='ltr'>Aut</span> <span class='ocrx_word' id='word_1_376' title='bbox 1136 2500 1170 2526; x_wconf 89' lang='lat' dir='ltr'>te</span> <span class='ocrx_word' id='word_1_377' title='bbox 1189 2498 1310 2524; x_wconf 81' lang='lat' dir='ltr'>amare</span> <span class='ocrx_word' id='word_1_378' title='bbox 1328 2485 1487 2538; x_wconf 75' lang='lat' dir='ltr'>cogitat,</span> 
     </span>
     <span class='ocr_line' id='line_1_75' title="bbox 829 2540 1490 2595; baseline -0.021 -6"><span class='ocrx_word' id='word_1_379' title='bbox 829 2563 903 2590; x_wconf 87' lang='lat' dir='ltr'>tete</span> <span class='ocrx_word' id='word_1_380' title='bbox 919 2548 1053 2595; x_wconf 79' lang='lat' dir='ltr'><em>amart]</em></span> <span class='ocrx_word' id='word_1_381' title='bbox 1086 2546 1218 2595; x_wconf 86' lang='lat' dir='ltr'>Quum</span> <span class='ocrx_word' id='word_1_382' title='bbox 1249 2540 1327 2580; x_wconf 88' lang='lat' dir='ltr'>duo</span> <span class='ocrx_word' id='word_1_383' title='bbox 1346 2552 1490 2592; x_wconf 84' lang='lat' dir='ltr'>propo-</span> 
     </span>
     <span class='ocr_line' id='line_1_76' title="bbox 827 2595 1488 2653; baseline -0.021 -7"><span class='ocrx_word' id='word_1_384' title='bbox 827 2605 962 2653; x_wconf 72' lang='lat' dir='ltr'>suerit‚&#39;</span> <span class='ocrx_word' id='word_1_385' title='bbox 991 2604 1153 2643; x_wconf 79' lang='lat' dir='ltr'>alterum</span> <span class='ocrx_word' id='word_1_386' title='bbox 1188 2595 1325 2636; x_wconf 73' lang='lat' dir='ltr'>sumsit.</span> <span class='ocrx_word' id='word_1_387' title='bbox 1384 2598 1488 2634; x_wconf 72' lang='lat' dir='ltr'>Nam</span> 
     </span>
     <span class='ocr_line' id='line_1_77' title="bbox 829 2655 1490 2715; baseline -0.023 -13"><span class='ocrx_word' id='word_1_388' title='bbox 829 2676 946 2715; x_wconf 84' lang='lat' dir='ltr'>quum</span> <span class='ocrx_word' id='word_1_389' title='bbox 965 2656 1122 2705; x_wconf 68' lang='lat' dir='ltr'>dixisset,</span> <span class='ocrx_word' id='word_1_390' title='bbox 1149 2656 1258 2711; x_wconf 69' lang='lat' dir='ltr'>Quae</span> <span class='ocrx_word' id='word_1_391' title='bbox 1277 2655 1318 2693; x_wconf 80' lang='lat' dir='ltr'>in</span> <span class='ocrx_word' id='word_1_392' title='bbox 1336 2665 1370 2692; x_wconf 85' lang='lat' dir='ltr'>te</span> <span class='ocrx_word' id='word_1_393' title='bbox 1388 2665 1490 2690; x_wconf 73' lang='lat' dir='ltr'><em>vxor</em></span> 
     </span>
     <span class='ocr_line' id='line_1_78' title="bbox 829 2710 1492 2769; baseline -0.024 -11"><span class='ocrx_word' id='word_1_394' title='bbox 829 2720 931 2763; x_wconf 78' lang='lat' dir='ltr'>dicit,</span> <span class='ocrx_word' id='word_1_395' title='bbox 953 2730 986 2756; x_wconf 84' lang='lat' dir='ltr'>et</span> <span class='ocrx_word' id='word_1_396' title='bbox 1009 2729 1101 2769; x_wconf 81' lang='lat' dir='ltr'>quae</span> <span class='ocrx_word' id='word_1_397' title='bbox 1119 2713 1300 2751; x_wconf 80' lang='lat' dir='ltr'>inanimo</span> <span class='ocrx_word' id='word_1_398' title='bbox 1321 2710 1492 2762; x_wconf 74' lang='lat' dir='ltr'>cogitat.-</span> 
     </span>
     <span class='ocr_line' id='line_1_79' title="bbox 829 2765 1488 2823; baseline -0.026 -6"><span class='ocrx_word' id='word_1_399' title='bbox 829 2775 975 2823; x_wconf 80' lang='lat' dir='ltr'>intulit,</span> <span class='ocrx_word' id='word_1_400' title='bbox 987 2778 1064 2814; x_wconf 75' lang='lat' dir='ltr'>Aut</span> <span class='ocrx_word' id='word_1_401' title='bbox 1075 2785 1108 2812; x_wconf 79' lang='lat' dir='ltr'>te</span> <span class='ocrx_word' id='word_1_402' title='bbox 1119 2781 1241 2810; x_wconf 75' lang='lat' dir='ltr'>amare</span> <span class='ocrx_word' id='word_1_403' title='bbox 1254 2767 1408 2823; x_wconf 64' lang='lat' dir='ltr'>cogitat.</span> <span class='ocrx_word' id='word_1_404' title='bbox 1438 2765 1488 2808; x_wconf 84' lang='lat' dir='ltr'>D,</span> 
     </span>
    </p>
   </div>
  </div>
 </body>
</html>
