1875 3292
376 192 469 239 140

755 180 910 227 ACT.
942 181 1018 227 IV.
1064 176 1261 229 SCEN.
1292 182 1369 228 IV.

503 310 631 355 Eone
654 305 927 355 obstetricem
950 303 1152 355 arceffat?
1190 307 1262 356 illa
1283 308 1512 364 exclamat,
1541 309 1642 366 Abi,
1671 311 1740 362 abi

603 385 703 435 iam,
723 384 935 430 Aeschine
953 403 963 429 :

501 459 611 506 Satis
644 459 721 505 diu
752 458 903 506 dedisti
931 458 1087 508 verba:
1124 457 1183 506 sat
1203 458 1345 508 adhuc
1364 471 1437 508 tua
1457 432 1539 509 nos
1569 460 1739 510 frustra-

599 531 693 582 ta'st
715 532 838 583 fides,

501 613 638 662 Hem,
663 610 769 674 quid
790 608 895 657 istuc
919 609 1110 664 obsecro,
1134 612 1329 675 inquam,
1349 609 1420 664 'st!
1456 613 1623 668 Valeas,
1661 614 1740 661 ha-

599 686 701 734 beas
728 686 846 732 illam
871 703 982 749 quae
1001 686 1158 751 placet.

496 759 618 809 Sensi
648 762 766 807 illico
798 761 844 808 id
877 761 969 809 illas
1003 761 1226 828 suspicar13
1262 762 1334 812 sed
1366 779 1439 814 me
1460 765 1739 830 'reprehendi

599 849 761 890 tamen,

407 930 465 978 ις
499 917 576 963 Ne
606 913 716 977 quid
739 913 792 960 de
813 913 944 962 fratre
977 913 1176 976 garrulae
1207 915 1271 962 illi
1295 914 1511 970 dicerem,
1550 934 1597 964 ac
1616 915 1740 965 fieret

595 991 756 1053 palam.

497 1069 637 1136 Nunc
662 1064 770 1127 quid
791 1064 979 1113 faciam?
1017 1065 1157 1114 dicam
1176 1066 1319 1116 frattis
1340 1063 1456 1118 esse?
1491 1069 1538 1116 id
1557 1068 1738 1132 quidem

595 1142 779 1188 minime
803 1140 862 1188 est
887 1158 1000 1209 opus

356 1354 489 1396 partus
517 1339 646 1398 adstet]
676 1343 878 1384 Amatoria
903 1343 1043 1388 inter»,

358 1400 531 1453 rogatiO,
560 1413 637 1451 qua
657 1399 842 1439 monstrat
862 1396 1021 1440 Aeschi-

356 1469 433 1494 nus
445 1469 558 1495 curae
567 1453 725 1495 fibieffc
736 1468 796 1495 res
808 1468 958 1496 omnes.
971 1458 1020 1497 D.
1060 1457 1108 1511 fi.

412 1514 544 1552 Leffio
555 1511 682 1552 codd.
694 1513 860 1552 duomm
873 1524 911 1552 et
921 1512 1020 1554 Edd.

355 1579 447 1606 vett.
483 1568 603 1607 Iamne
627 1580 764 1620 partus
794 1567 908 1618 adstet
938 1582 1022 1609 ver—

355 1623 412 1662 sui
435 1623 488 1662 est
509 1623 762 1662 commodior.
817 1627 859 1664 Β.

415 1691 462 1722 11
501 1680 569 1720 Illa
592 1678 795 1733 exclamat]
833 1681 924 1720 Non
953 1679 1021 1718 Re-

341 1734 519 1788 spondet,
540 1732 606 1774 sed
628 1734 839 1775 Exclamat.
895 1738 944 1775 Et
954 1735 1017 1781 be,-

352 1803 408 1831 ne
432 1792 508 1831 vim
534 1791 683 1830 addidit
707 1791 754 1830 ad
775 1791 1019 1830 exclamatio·

352 1859 448 1886 nem
476 1845 598 1886 fuiffe.
653 1851 760 1901 Ergo
787 1861 809 1885 a
835 1847 941 1886 vocis
965 1845 1019 1887 so-

352 1917 380 1943 n
389 1917 411 1943 o
424 1902 614 1949 exclamat,
626 1916 705 1943 non
719 1918 740 1943 a
751 1902 889 1942 verbis.
931 1901 1018 1951 Abi,

351 1959 416 1999 abi
435 1964 519 2006 iam,
538 1958 734 2010 Aefibirze!
745 1959 846 2010 finis
855 1960 922 1998 diu
936 1973 1018 1999 ver-

349 2015 398 2054 ba
441 2015 569 2067 dedisti
601 2015 723 2064 nobis]
764 2013 894 2067 Vsque
924 2015 1017 2056 dum

350 2073 680 2123 intelligeremus.
740 2072 790 2111 D.

414 2140 461 2170 12
497 2128 566 2167 Sat
597 2128 717 2167 adhuc
743 2141 807 2167 tua
834 2140 900 2167 nos
917 2127 1016 2180 fru-

337 2184 466 2240 strata
487 2183 535 2233 esl
548 2183 662 2236 fides]
693 2181 826 2236 Vsque
846 2184 939 2223 dum
950 2184 1015 2224 de-

349 2243 543 2293 ciperetur
561 2240 819 2296 (detegeretur.
848 2241 920 2292 Z..)
964 2243 1013 2281 D.

411 2309 457 2349 13
492 2298 608 2337 Hem!
630 2297 718 2350 quid
736 2292 834 2349 istuc:
847 2296 1013 2347 obscero,

346 2356 514 2406 inquam,
535 2352 634 2407 est?]
666 2353 772 2403 Hem,
792 2353 1012 2392 interiessio

347 2411 403 2448 est
426 2422 545 2448 nouas
570 2422 631 2448 res
651 2421 688 2448 et
709 2410 928 2460 inopinatas
949 2422 1013 2448 au-

347 2465 506 2506 dientis.
567 2464 718 2505 Valeas:
742 2465 872 2506 habeas
891 2463 1010 2519 illam]

348 2520 465 2572 Quali
497 2521 653 2559 recedat
684 2533 725 2560 et
758 2523 878 2575 longe
904 2520 1009 2561 abfit.

347 2588 389 2614 vt
410 2578 449 2615 in
470 2577 632 2623 Andria,
653 2577 808 2619 Valeant
829 2580 892 2631 qui
909 2580 1010 2617 inter

350 2646 419 2671 nos
444 2631 624 2685 dtffidium
649 2635 789 2673 volunt.
846 2636 894 2675 D.

412 2701 458 2741 14
487 2689 799 2743 Mer-eprehendt]
832 2692 876 2730 V.
890 2692 934 2734 C.
951 2703 1006 2730 me

344 2745 460 2800 pallae
482 2744 702 2801 reprehende.
757 2751 799 2789 L.

1545 1220 1737 1284 Vsquam

1125 1347 1198 1386 Pro
1229 1343 1462 1400 Reprehendi
1500 1355 1576 1386 tres
1595 1344 1733 1388 Codd.

1071 1402 1277 1452 cum-Edd.
1299 1411 1391 1441 vett.
1409 1401 1558 1441 habent
1575 1400 1737 1455 reppres·

1163 1459 1290 1499 Etiam
1313 1457 1445 1508 probe.
1476 1461 1616 1498 Heaut.
1637 1471 1669 1509 1,
1694 1470 1734 1507 2,

1070 1526 1137 1569 25.
1169 1526 1208 1554 et
1223 1517 1370 1562 Hec.v‚
1403 1525 1437 1562 1,
1461 1526 1525 1567 39.
1583 1517 1622 1554 B.

1130 1582 1180 1623 15
1217 1568 1416 1621 Garrulae]
1458 1573 1606 1622 thote
1636 1583 1735 1610 anus

1070 1628 1207 1679 (anui).
1265 1627 1319 1665 Ac
1338 1624 1447 1675 fieret
1468 1625 1613 1679 palam]
1655 1629 1733 1666 De—

1071 1694 1183 1721 meae
1199 1678 1357 1730 scillcet,
1372 1682 1434 1720 cui
1455 1682 1618 1720 minime
1631 1694 1731 1734 opus

1070 1736 1156 1776 fuit.
1209 1741 1260 1778 D.

1125 1793 1186 1832 Ne
1210 1791 1303 1845 quid
1327 1791 1370 1832 dc
1387 1792 1527 1844 fratre
1549 1794 1730 1848 garrulae

1069 1847 1124 1888 illi
1151 1848 1324 1902 dicerem]
1363 1848 1564 1889 Conuenit
1601 1851 1724 1900 enim,

1067 1918 1120 1944 ne
1150 1904 1298 1956 aliquid
1331 1903 1500 1945 dicerem
1531 1905 1580 1944 de
1611 1906 1728 1946 fratre

1068 1961 1122 2000 illi
1142 1962 1292 2000 mulieri
1311 1963 1500 2013 garrulae,
1529 1961 1567 2002 h.
1589 1976 1622 2002 e.
1647 1977 1727 2004 ver-

1067 2015 1182 2057 bosae
1200 2028 1239 2058 et
1257 2018 1419 2068 loquaci.
1477 2020 1518 2058 E.

1126 2076 1175 2115 16
1206 2073 1323 2113 Nunc
1350 2074 1442 2127 quid
1464 2074 1634 2130 faciam]
1667 2076 1726 2115 Fi-

1066 2127 1386 2182 gu1·a‹51oen-6ewn<.
1440 2131 1490 2169 D.

1119 2186 1248 2231 Nunc]
1279 2184 1523 2225 Deliberatio
1545 2182 1623 2237 ipsa
1643 2184 1725 2239 sup·

1064 2243 1226 2293 ponitur
1253 2241 1448 2295 Numquid
1480 2243 1617 2289 dicam,
1656 2256 1725 2282 aut

1063 2296 1353 2352 agam,sra1ri5
1371 2296 1434 2349 effe
1460 2297 1585 2338 hanc?
1615 2301 1723 2339 Haec

1063 2367 1144 2393 non
1165 2365 1346 2406 oportent
1366 2354 1542 2402 indicari,
1564 2367 1616 2393 ne
1628 2353 1723 2394 fiant

1063 2411 1201 2462 palam.
1258 2412 1292 2449 A
1324 2424 1350 2457 e,
1383 2411 1495 2450 celari
1518 2411 1629 2463 poffit
1647 2410 1725 2450 sor·

1063 2463 1166 2506 taffe.
1204 2466 1276 2505 mu
1317 2476 1460 2515 metuo,
1481 2480 1531 2505 an
1547 2466 1720 2514 credant,

1059 2521 1166 2575 quod
1191 2520 1297 2561 fratri
1325 2524 1446 2573 rapui,
1473 2524 1619 2574 quippe
1632 2536 1721 2562 curn

1059 2588 1222 2632 egomet
1243 2581 1455 2629 rapuerim,
1486 2592 1561 2631 ego
1583 2591 1722 2629 argen-

1058 2646 1142 2674 tum
1172 2631 1368 2681 solum-im,
1401 2635 1447 2673 ad
1474 2647 1537 2673 me
1556 2634 1718 2673 addueh

1056 2690 1214 2731 domum
1235 2690 1288 2730 iit.
1330 2689 1716 2743 Reperitconsilium,

1679 2759 1717 2787 st
