1827 3180
592 63 945 110 PHORMIO.

1329 76 1421 128 573

183 195 293 244 Inde
317 195 429 242 hisce
451 190 672 239 ostendam
695 208 780 245 me,
805 192 877 240 vbi
903 199 1033 237 erunt
1056 185 1208 250 egressi
1229 189 1360 238 foras.

184 277 289 328 Quo
311 288 381 318 me
401 268 685 317 afiimularam
708 271 771 315 ire
791 268 844 314 ad
866 277 1120 319 mercatum,
1144 283 1235 314 non
1257 282 1327 316 eo.

96 414 408 469 ACTVS
471 411 812 473 QV1NT1
870 410 1172 462 SCENA
1234 407 1378 461 Vll.

221 503 525 545 DEMIPHO.
580 500 888 543 pnommo.
942 499 1258 542 CHREMES.

47 634 144 748 D
162 659 179 686 1
199 658 217 686 s
262 655 442 700 magnas
464 639 623 684 merito
646 639 801 698 gratias
827 635 984 688 habeo,
1006 645 1136 698 atque
1160 650 1267 694 ago:

190 715 381 771 Quando
399 730 588 760 euenere
611 715 715 760 haec
737 711 878 765 nobis,
901 712 1046 763 frater,
1066 710 1297 775 prospere:

188 797 415 846 Quantum
437 787 590 854 potest,
622 806 738 835 nunc
762 786 1098 835 conueniundus
1122 786 1331 832 Phormio
1356 783 1431 840 est,

185 866 436 929 Priusquam
462 865 669 929 dilapidet
693 863 856 910 nostras
877 864 1056 923 triginta
1079 864 1236 914 minas,

121 962 147 1010 ς
189 949 248 989 Vt
269 943 526 988 auferamus·
571 940 666 987 PH.
707 939 1056 1004 Demiphonem,
1082 936 1113 983 fi
1136 937 1257 983 domi
1282 935 1356 990 est,

187 1019 354 1067 Visam,
390 1028 437 1065 vt
464 1015 599 1080 quod.
636 1013 684 1063 D
700 1028 742 1063 E.
776 1025 822 1062 at
841 1032 924 1062 nos
948 1013 1001 1060 ad
1024 1025 1066 1060 te
1087 1012 1272 1067 ibamus,
1294 1013 1432 1061 Phor-

288 1095 398 1143 mio.

187 1167 282 1217 ΡΗ.
327 1172 395 1214 De
429 1167 581 1214 eadem
613 1167 694 1214 hac
717 1163 890 1215 fortasse
911 1163 1064 1216 causa?
1101 1162 1208 1212 DE.
1245 1166 1304 1213 ita
1327 1165 1432 1212 her-

285 1243 366 1291 cle.
402 1242 498 1292 PH.
537 1242 730 1290 credidi:

55 1445 123 1486 dat
142 1441 318 1485 Priscian.
340 1458 377 1496 p.
396 1453 503 1496 7143
532 1453 572 1481 vt
582 1442 722 1494 probet

55 1515 96 1543 et
123 1503 204 1541 Hoc
237 1503 476 1555 angiportum
503 1511 542 1538 et
562 1499 637 1538 Hic
655 1513 717 1539 an-

55 1562 228 1616 giportus
247 1557 332 1595 dici.
388 1559 430 1594 B.

113 1626 162 1669 53
184 1617 273 1670 Qo
293 1626 344 1652 me
357 1609 624 1665 infimularam]
645 1609 720 1651 Ms.

56 1673 99 1713 R.
127 1681 166 1711 et
198 1681 284 1708 vett.
314 1668 426 1708 codd.
448 1668 718 1720 adstinularam.

57 1727 179 1779 idque
206 1727 345 1764 reflius
364 1724 536 1764 arbitror.
594 1728 636 1766 L.

118 1796 134 1825 1
170 1783 243 1822 Dis
268 1795 419 1836 magnas
436 1781 587 1835 merito]
614 1782 722 1819 Haec

59 1840 187 1880 scena
229 1839 563 1877 concertationem
605 1835 722 1874 habet

59 1907 179 1947 atque
207 1905 315 1934 tenet
345 1893 590 1933 Phormionis
617 1904 722 1944 para-

60 1952 138 1997 siti,
171 1961 210 1988 et
235 1947 388 1989 senum:
429 1950 484 1987 illi
515 1959 721 2002 argentum

60 2017 256 2059 repetunt,
277 2005 339 2044 hic
360 2002 511 2057 pugnat
530 2017 578 2043 ex
599 2004 721 2056 paEm,

62 2065 115 2104 vti
141 2074 204 2101 aut
226 2073 426 2114 argentum
451 2062 628 2111 perdant,
659 2071 722 2098 aut

64 2131 223 2168 vigorem
253 2119 359 2157 dent.
419 2118 532 2165 Quae
564 2129 623 2154 res
656 2115 722 2153 sta-

1309 1315 1436 1371 Quid

769 1440 918 1481 datores
937 1440 1116 1481 dicuntur
1142 1439 1302 1494 prodigi
1323 1450 1362 1480 et
1379 1441 1434 1480 lu·

769 1496 918 1538 και-ἰοῦ.
975 1501 1020 1540 Ε.

824 1554 1050 1606 Priusquam
1083 1552 1284 1607 dilapidet]
1324 1552 1434 1604 lei-

769 1623 831 1649 an.
858 1610 881 1648 l.
911 1621 976 1660 25.
1007 1615 1039 1660 §.
1066 1620 1125 1650 11.
1145 1607 1186 1648 fl‘.
1219 1609 1269 1648 de
1295 1607 1432 1648 hei-ed.

769 1676 849 1718 pet.
914 1665 958 1704 Si
988 1664 1083 1718 quid
1117 1665 1434 1717 dilapidauerunt,

771 1724 856 1761 dum
875 1722 1000 1774 resim
1019 1721 1126 1760 abuti
1142 1733 1288 1773 putant.
1322 1722 1433 1761 idem

770 1779 861 1818 l.11.
889 1783 922 1829 §.
944 1781 980 1820 6.
1000 1775 1039 1815 ff.
1068 1777 1120 1817 de
1145 1777 1325 1816 minorib.
1354 1778 1426 1817 Iul.

772 1834 921 1876 Firmie.
943 1832 1094 1874 Astron.
1120 1833 1186 1871 lib.
1208 1847 1264 1873 Jv.
1291 1846 1374 1886 cap.
1393 1837 1432 1876 6.

771 1891 1047 1930 Patrimonium
1065 1889 1195 1940 'msera
1213 1889 1435 1930 laceratione

771 1947 960 1998 dilapidet.
996 1947 1227 1997 Hieronym.
1251 1947 1433 1997 Epitaph.

773 2004 972 2046 Fabiolae:
1002 2001 1109 2056 Quin
1132 2004 1260 2053 potius
1291 2016 1433 2041 omnem

773 2060 934 2110 resisum,
975 2072 1080 2110 quem
1114 2056 1242 2095 habere
1266 2069 1432 2110 poterat,

770 2131 853 2155 erat
881 2127 1000 2153 autem
1031 2112 1284 2165 ampliffimus,
1315 2128 1348 2152 ct
1379 2128 1435 2152 re.

66 2187 149 2214 tum
175 2174 353 2212 continet
383 2172 572 2222 qualitatis
603 2183 722 2223 nego·
758 2171 950 2223 spondens
975 2172 1104 2224 generi
1133 2172 1229 2216 eius,
1255 2168 1434 2222 dilapida-

64 2233 176 2280 tialis‚
197 2231 264 2281 qui
286 2228 443 2280 quidem
470 2229 520 2265 ita
539 2240 724 2278 proponi-

64 2300 146 2328 tur:
177 2288 282 2335 Nam}
300 2298 374 2323 non
399 2296 550 2336 aequum
579 2285 644 2334 est,
672 2295 726 2321 me

62 2352 218 2400 propter
237 2355 299 2380 νος
321 2342 450 2392 decipi.
513 2341 556 2378 E.

126 2413 152 2452 4
172 2401 277 2438 Prius
302 2410 410 2450 quam
429 2394 625 2449 dilapidet]
645 2390 729 2435 Dis-

69 2457 213 2510 perdat.
272 2458 322 2495 D.

125 2514 237 2552 Prius
272 2523 379 2562 quam
408 2506 604 2561 dilapidet]
643 2508 728 2545 Per-

71 2567 146 2619 dat,
173 2566 383 2608 consumat.
439 2564 558 2605 Vnde
575 2562 728 2617 Dilapi-

774 2230 830 2267 uit
850 2240 890 2265 ac
913 2226 1094 2264 vendidit.
1148 2229 1187 2264 L.

843 2281 1054 2322 Bembinus
1110 2279 1228 2320 habet
1282 2280 1436 2338 Dilapi-

775 2339 854 2378 dat.
913 2340 954 2376 Β.

833 2396 859 2436 6
894 2392 1031 2444 Vrfiim,
1059 2403 1102 2435 vt
1130 2392 1245 2448 quod]
1285 2393 1436 2435 Α’,ινοσιωζ

776 2465 871 2494 mm:
891 2447 1066 2488 secunda.
1125 2453 1174 2490 D.

830 2517 857 2558 7
883 2506 1083 2544 Bentleius
1103 2506 1218 2545 verba
1238 2506 1298 2547 Ita
1319 2507 1435 2546 hercle

776 2562 846 2616 ipli
866 2562 1094 2603 Phormioni
1115 2561 1269 2617 tribuit,
1300 2576 1434 2616 negat-

1361 2632 1437 2671 (μη
