1875 3244
656 184 949 232 HECYRA.

247 313 540 366 Consobrinus
563 310 737 362 noster?
773 309 848 359 ΡΑ
862 325 916 362 M.
953 306 1049 358 sane
1066 307 1210 356 hercle
1235 306 1454 359 horridvo·

343 391 495 455 luptati
516 389 752 452 obsequens
803 439 805 441 ,

158 486 216 521 10
245 468 361 519 Fuit,
385 466 489 513 dum
510 466 632 511 vixit:
669 475 711 511 et
732 463 856 528 quii
828 459 882 508 fic
900 457 1018 513 sunt,
1050 459 1156 507 haut
1174 431 1361 510 inultum
1382 460 1456 511 he

345 540 493 588 redem
514 542 677 585 iuuant.

248 615 340 665 Sibi
357 632 461 664 vero
483 616 593 661 hanc
614 612 785 662 laudem
804 611 1079 686 relinquunt:
1117 612 1249 664 Vixit,
1272 599 1377 658 dum
1398 613 1458 660 vi-

346 694 418 743 xit,
443 690 567 736 bene.

252 761 361 814 LA.
399 770 523 812 Turn
553 773 602 811 tu
627 764 759 825 igitur
785 761 897 810 nihil
927 759 1098 808 attulisti
1125 760 1212 808 huc
1243 761 1342 827 plus
1375 777 1461 809 vna

347 839 578 888 sententia?

250 915 399 967 ΡΑΜ.
438 913 658 977 Quicquid
691 910 749 959 est
781 911 852 965 id,
893 910 1012 977 quod
1044 911 1240 975 reliquit,
1277 911 1462 977 profuit.

349 987 452 1038 LA.
490 992 627 1036 immo
648 988 807 1037 obfuit:

176 1221 203 1264 9
235 1204 481 1261 Consobrinus
500 1206 645 1263 noster]
651 1203 769 1260 Quasi

125 1263 327 1306 sororinus.
381 1265 549 1312 sobrini,
597 1263 679 1303 sunt
722 1277 770 1303 ex

125 1322 275 1361 duabus
307 1319 506 1361 sororibus.
572 1318 771 1371 Consobri-

125 1382 176 1425 ni‚
199 1391 248 1417 ex
266 1376 384 1416 fratre
403 1387 441 1416 et
459 1374 594 1416 Γοτοιε.
634 1380 772 1426 Εῐριπο

124 1434 342 1486 pinquitate
364 1434 567 1472 Terentius
593 1431 774 1482 frequen·

124 1500 200 1528 tata
226 1501 403 1528 mouetur
421 1490 494 1539 (Ac
516 1489 774 1540 propinquita-

123 1549 174 1585 tis
184 1544 446 1598 ft·equentame
455 1545 639 1584 Terentius
650 1555 772 1582 monet

124 1599 249 1642 Cudd.
262 1605 422 1653 vett.)‚vt
432 1598 628 1638 heredum.
686 1599 774 1638 Con-

114 1654 295 1708 sobrinus
313 1654 450 1709 noster]
481 1656 614 1706 Quum
634 1652 684 1692 de
702 1652 772 1692 sra-

127 1723 184 1752 tre
203 1722 310 1750 natus
328 1710 381 1750 est
400 1712 510 1758 alter,
543 1720 582 1752 et
607 1709 702 1748 alter
724 1721 772 1748 ex

125 1766 272 1815 sorore,
305 1765 545 1818 Consobrini:
574 1778 694 1817 quum
724 1778 772 1813 ex

126 1822 324 1871 fratribus,
360 1821 545 1862 Patrueles
581 1821 769 1860 dicuntur.

127 1877 222 1917 Sane
242 1877 355 1916 hercle
373 1877 478 1916 homo
500 1877 684 1929 voluptati
711 1876 773 1915 ob-

118 1933 381 1987 sequensfuiz]
411 1932 514 1979 Sane,
527 1930 621 1978 satis,
632 1932 769 1972 valide

127 1992 225 2030 Nam
241 1988 305 2039 qui
323 1986 452 2037 sanus,
481 1998 521 2027 et
547 1988 689 2028 validus
709 1988 773 2028 est.

135 2044 326 2096 Voluptati
343 2040 624 2098 obfiquensfuit
672 2046 774 2086 Con-

132 2111 188 2138 tra
219 2099 308 2139 facit
332 2099 568 2152 Pamphilus:
637 2098 758 2152 ifiung
763 2100 775 2138 i

131 2156 237 2194 enim
266 2152 417 2204 volens,
446 2154 544 2195 nihil
574 2155 685 2202 dicit,
715 2156 775 2195 vel

130 2223 262 2263 parum
281 2211 463 2254 reliaum.
514 2214 561 2251 D.

190 2278 240 2307 10
275 2266 380 2305 Haut
416 2266 567 2306 multum
612 2264 776 2304 heredem

131 2323 279 2373 iuuant]
319 2323 453 2361 Parum
482 2318 681 2361 consulunt
713 2320 777 2360 he·

130 2377 224 2418 redi.
276 2379 326 2418 D.

187 2445 204 2474 1
217 2443 233 2475 1
265 2431 347 2471 Sibi
362 2444 447 2471 vero
468 2430 559 2470 hanc
574 2431 712 2471 laudem
722 2444 776 2471 re·

131 2487 329 2542 linquunt:
354 2488 477 2533 Vixit,
493 2490 576 2528 dum
588 2490 696 2532 νίκη,
719 2487 776 2525 he-

129 2545 189 2592 ne]
217 2548 323 2585 Bene
341 2554 378 2582 et
405 2543 550 2590 facete,
586 2543 684 2583 nihil
714 2543 780 2582 he-

130 2600 461 2650 tedi'relinquunt,
480 2599 543 2638 fibi
562 2612 652 2639 vero
663 2599 778 2637 relin-

130 2666 267 2720 q'uunt.
324 2656 449 2705 Vixit,
479 2655 779 2705 damvixit,1be·

1344 1062 1466 1109 Nam

816 1206 874 1257 ne]
918 1203 1042 1249 Πλοκιῖ.
1081 1214 1198 1245 vnum
1233 1203 1337 1244 vixit
1361 1199 1466 1244 aliud

818 1262 1029 1316 fignificat:
1075 1272 1115 1301 et
1154 1262 1314 1301 alterum
1350 1261 1465 1309 vixit,

820 1318 937 1360 aliud.
999 1316 1128 1366 Vixit,
1159 1319 1245 1355 dum
1264 1318 1382 1363 vixit,
1410 1316 1467 1354 be

820 1375 881 1428 ne]
911 1374 1113 1415 Sententia
1140 1372 1196 1411 est
1213 1346 1398 1410 hortantis
1417 1369 1466 1410 ad

822 1430 986 1469 delicate
1031 1426 1466 1478 viuendum.Vx1.t,

822 1487 908 1525 cium
925 1487 1037 1533 vixit,
1057 1482 1156 1530 bene]
1185 1485 1271 1523 Hoc
1288 1482 1394 1522 enim
1406 1481 1471 1523 sci·

820 1543 909 1581 licet
927 1540 1093 1591 reliquit.
1151 1541 1198 1579 D.

852 1594 855 1598 ’
877 1597 994 1644 Vixit,
1020 1595 1107 1634 dum
1131 1596 1246 1642 vixit,
1273 1592 1374 1644 bene]
1402 1593 1471 1634 Or

820 1651 882 1700 do,
906 1654 997 1692 Rene
1015 1654 1126 1690 vixit.
1181 1653 1225 1691 Ε.

877 1707 999 1756 Vtxit,
1027 1707 1111 1746 dum
1127 1708 1250 1754 vixit,
1279 1700 1382 1752 bene]
1409 1707 1471 1745 In-

822 1755 970 1817 scriptio
992 1773 1096 1802 vetus
1105 1760 1310 1801 ”roi-daein
1324 1763 1470 1801 Trans-

819 1821 844 1860 s
848 1821 998 1860 luania
1035 1820 1137 1865 vixi,
1169 1819 1254 1859 dum
1279 1819 1383 1864 vixi,
1414 1817 1473 1856 be

820 1891 874 1918 ne.
928 1878 971 1918 L.

872 1934 942 1973 Pro
970 1926 1138 1983 Reliquit
1172 1929 1353 1969 meliores
1386 1926 1474 1968 libri

822 1987 968 2029 habent
991 1987 1224 2037 Relinquont.
1277 1987 1318 2025 Β.

881 2056 930 2086 12
961 2043 1040 2082 Vna
1052 2041 1258 2094 flrztentia]
1286 2037 1473 2090 Expreffit

825 2102 997 2141 animum
1013 2094 1247 2138 auarisenis.
1301 2098 1351 2136 D.

877 2160 956 2196 Aut
975 2154 1052 2206 leg.
1085 2154 1163 2192 Vna
1174 2149 1474 2204 plusfintemia.
1464 2160 1475 2172 ·

826 2223 909 2259 aut,
938 2209 1026 2249 Plus
1046 2208 1192 2248 vnahac
1203 2206 1399 2256 fintentia.
1430 2207 1473 2244 B.

883 2278 929 2317 13
959 2265 1143 2319 Qu'cqm'd
1169 2263 1215 2313 est
1245 2262 1285 2300 id
1305 2260 1405 2314 quod
1421 2273 1478 2299 re·

827 2322 946 2374 liquit,
962 2320 1136 2380 profuit]
1159 2318 1354 2371 Qicquid‚
1374 2314 1478 2355 etad

829 2373 1249 2430 pamitatemresertur
1280 2382 1337 2420 vt,
1368 2374 1421 2410 At
1443 2386 1478 2410 e-

827 2437 902 2471 nim
920 2434 964 2471 id
980 2431 1069 2471 mihi
1085 2429 1184 2482 finis
1211 2428 1278 2481 est,
1307 2402 1406 2480 q’uod
1431 2426 1478 2478 est

828 2489 872 2528 de
900 2501 952 2527 me
981 2489 1185 2538 opinionis.-
1222 2486 1298 2536 qui
1287 2484 1394 2536 cquid
1417 2483 1477 2534 est.

827 2544 1018 2597 Qicquid
1043 2541 1089 2594 est
1119 2542 1162 2581 id
1184 2539 1282 2593 quod
1307 2539 1478 2593 reliquit]

829 2600 1019 2640 Nullum
1013 2614 1050 2638 nl
1075 2599 1148 2637 hoc
1168 2594 1260 2636 sene
1280 2594 1352 2634 fuit
1370 2595 1481 2634 dolo-

829 2658 880 2697 ris
903 2656 1092 2704 officium,
1123 2661 1217 2695 ante
1233 2664 1346 2704 quam
1372 2648 1482 2742 scii-ft

1418 2720 1444 2745 a*
1459 2718 1483 2741 i·

1359 197 1455 246 3¹7
1534 222 1540 225 ·
