1827 3180
645 187 1012 234 PHORMIO.

1405 203 1499 249 5¹9

261 313 378 363 Do.
409 310 556 379 Ipsum
592 312 698 362 istuc
733 315 843 362 mihi
875 318 921 362 in
947 317 1032 364 hoe
1065 313 1142 362 est.
1175 310 1279 364 AN.
1316 317 1406 368 eia,
1443 334 1500 364 ne

357 407 514 456 parum
539 390 639 437 leno
665 390 762 438 fies:

259 472 388 516 Num
422 466 530 530 quid
564 467 634 514 hic
661 464 880 517 confecit?
917 465 1018 515 PH.
1050 463 1227 519 hicine?
1262 466 1385 530 quod
1415 466 1493 513 ho-

358 560 433 590 mo
461 541 860 590 inhumanissimus:
935 588 940 589 γ

161 634 222 682 25
262 619 535 683 Pamphilam
571 636 714 666 meam
746 618 955 666 vendidit.
1007 614 1118 666 GE.
1160 619 1300 684 quid?
1345 618 1493 666 vendi·

360 695 453 742 dit?
489 693 597 741 AN.
636 698 725 748 ain,
750 694 982 743 vendidit?-

258 767 355 818 PH.
389 769 613 818 Vendidit.
651 769 760 817 Do.
797 787 927 835 quarn
951 771 1185 833 indignum
1210 771 1387 822 facinus,
1420 788 1492 817 an·

358 844 501 892 cillam
521 863 618 892 aere
642 857 801 893 emtam
824 843 924 895 suo!

258 918 355 969 PH.
394 926 555 984 Neque
575 937 769 976 exorare,
788 934 835 971 vt
857 940 928 970 me
948 934 1133 977 maneat,
1164 933 1207 971 et
1227 939 1327 970 cum
1349 922 1429 980 i'll'ov
1446 934 1493 970 vt

355 1008 496 1067 mutet
518 995 663 1051 fidem,

257 1074 489 1120 Triduum»
518 1074 623 1122 hoc-z
667 1074 777 1121 dum⁴
802 1075 878 1128 id,
908 1075 1030 1139 quod
1059 1074 1121 1122 est
1151 1070 1412 1142 promissum
1435 1072 1487 1121 ab

331 1212 340 1217 ἢ
355 1151 515 1202 amici3‚
540 1162 769 1211 argentum
793 1152 958 1199 aufero.

257 1227 303 1273 Si
324 1243 414 1272 non
438 1239 533 1272 tum
551 1226 731 1281 dedero,
750 1244 881 1274 vnam
900 1238 1124 1294 praeterea
1154 1228 1310 1276 horam
1331 1243 1386 1274 ne
1412 1243 1488 1292 op-

355 1313 506 1365 pertus
535 1300 628 1348 fies.

165 1391 230 1440 30
265 1374 378 1423 Do.
415 1376 652 1423 Obtundis.
693 1375 803 1424 AN.
841 1378 947 1426 haut
971 1379 1160 1441 longum·
1179 1378 1223 1425 id
1247 1378 1488 1444 quoderat,

355 1454 525 1499 Dorio:
561 1464 709 1500 exoret
741 1451 853 1499 fine:

122 1628 287 1686 persona
322 1629 381 1670 bis
420 1630 518 1676 dic33
561 1628 779 1682 praesertim

122 1702 210 1740 eum
228 1687 477 1740 prouerbium
489 1686 655 1727 Auribus
675 1701 778 1727 teneo

120 1745 254 1797 lupum,
283 1742 364 1783 sans
390 1755 506 1784 norae
528 1742 569 1782 fit
587 1743 779 1798 fignifica-

122 1801 251 1841 tionis.
297 1804 335 1841 B.
420 1799 619 1839 Bentleius
652 1799 778 1840 refelli

122 1856 246 1910 potest
281 1869 331 1895 ex
366 1855 576 1907 prouerbio
612 1857 772 1906 Graeco,

120 1913 224 1966 quod
246 1912 366 1950 refert
381 1914 571 1952 Donatus.
628 1916 668 1953 Z.

174 1981 226 2023 23
258 1969 319 2007 Ne
344 1981 477 2020 parum
506 1968 586 2006 leno
597 1969 686 2023 Jr'es]
717 1963 780 2008 ἔλ-

121 2030 236 2068 λειψις.
269 2023 373 2064 deest
386 2026 503 2069 enim,
529 2026 699 2064 Vereris?
725 2029 776 2066 D.

178 2082 313 2119 Parum
348 2082 427 2119 leno
457 2081 546 2134 sies]
591 2082 776 2132 Aliquan-

122 2149 204 2175 tum
234 2136 351 2174 officii
381 2147 501 2187 tuque
536 2135 776 2176 consuetudi-

120 2206 212 2231 nem
233 2203 381 2230 mutans
392 2193 589 2232 auaritiam
607 2193 776 2232 referens

120 2250 383 2300 (Aliquantum
422 2248 536 2300 offi';ii
576 2247 773 2300 praestans,

1367 1529 1493 1576 Idem

884 1646 940 1687 29
966 1636 1038 1673 Pro
1057 1634 1134 1675 Sies
1153 1646 1304 1687 repone
1320 1633 1416 1682 δίει,
1447 1644 1488 1672 vt

829 1687 952 1729 simile
978 1689 1041 1729 fiat
1068 1691 1192 1731 verbis
1220 1690 1486 1744 praecedenti-

817 1747 903 1793 ‘bus
920 1746 1092 1797 Maneat,
1113 1750 1258 1789 Mutet.
1315 1752 1356 1788 B.

885 1815 938 1854 30
969 1804 1077 1842 Haut
1094 1804 1242 1859 longum
1260 1804 1307 1856 est
1317 1805 1368 1849 id,
1387 1802 1487 1856 quod

828 1859 928 1913 orat]
970 1858 1164 1911 Reperifl'e
1189 1874 1235 1900 ea
1261 1874 1362 1912 quae
1392 1858 1486 1898 defi-

828 1914 979 1954 deraret
1004 1916 1260 1968 (Reperturum
1285 1917 1348 1968 <sse
1367 1915 1412 1966 fi
1433 1930 1483 1964 ea,

828 1984 919 2023 quae
939 1970 1018 2010 leno
1048 1974 1286 2024 desideraret,
1306 1972 1483 2026 promise-

827 2041 889 2066 rat
922 2029 984 2079 Z.)
1016 2027 1253 2068 adolescens.
1320 2029 1483 2071 Accessit

826 2083 942 2122 etiarn
964 2082 1154 2135 persuasor
1172 2086 1275 2132 alius,
1298 2085 1381 2124 fieri
1401 2082 1482 2136 pos-

825 2136 862 2177 se
882 2152 984 2179 cette
994 2139 1116 2189 facile,
1135 2142 1237 2193 quod
1251 2140 1481 2181 nonfitlon-

825 2195 931 2249 gnm.
990 2197 1147 2237 Deinde
1166 2198 1271 2249 quod
1299 2198 1412 2243 vti1e3
1438 2195 1477 2235 fi-

825 2251 982 2301 qnidem
1013 2255 1114 2303 quod
1145 2253 1229 2292 bene
1255 2255 1477 2307 promeritus

120 2317 292 2355 tuamque
311 2302 602 2353 covshetudinem
619 2317 773 2352 mutans,
812 2307 950 2357 ficeris,
966 2307 1035 2345 tiht
1054 2310 1377 2361 conduplicauerit.
1408 2311 1451 2348 E.

122 2374 160 2400 et
176 2361 378 2397 auaritiam
391 2362 588 2398 remittens.
600 2361 672 2411 Z..)
704 2362 745 2398 E.

181 2416 242 2453 Ne
275 2426 408 2466 parum
432 2414 486 2466 sis
511 2415 609 2468 leno]
651 2414 771 2453 Plaut.

48 2510 52 2521 ,
116 2469 226 2514 Persa
246 2484 299 2516 lv,
332 2472 368 2515 6,
399 2484 437 2522 4.
471 2471 531 2509 Ne
550 2483 623 2510 non
638 2470 704 2521 fit
722 2469 774 2523 est

106 2529 170 2580 ses
190 2527 280 2574 leno,
305 2527 345 2564 id
366 2525 541 2567 metuebas
560 2525 682 2577 mifir.
708 2524 774 2566 As-

70 2623 76 2628 ,
116 2583 705 2636 con.Pedian.1,3.inVerrem.
732 2585 773 2622 L.

59 2688 64 2692 Ι
175 2642 229 2682 26
267 2641 358 2677 Aere
385 2653 516 2679 emtam
531 2638 625 2690 fito'¹
663 2643 773 2680 Bene

118 2696 200 2746 Suo,
221 2695 323 2748 quafi
345 2669 694 2748 detertiapersdna.
721 2698 771 2737 D.

878 2365 940 2402 Ne
968 2364 1159 2404 iambicus
1183 2364 1226 2404 sit
1250 2366 1355 2404 inter
1379 2366 1478 2405 Tro-

824 2415 992 2466 chaicos‚
1030 2420 1186 2459 restitue
1216 2420 1476 2461 Trochaicum

821 2472 887 2518 fic,
918 2475 1005 2514 Do.
1045 2476 1214 2528 Optume.
1253 2481 1345 2519 AN.
1384 2477 1477 2517 haut

821 2528 996 2582 longumst
1015 2532 1114 2583 quod
1131 2546 1216 2572 orat
1239 2544 1311 2574 erc.
1366 2536 1476 2574 Prae·

824 2582 947 2623 sertim
978 2598 1065 2624 cum
1104 2589 1145 2627 in
1177 2587 1400 2641 quibusdam
1432 2590 1473 2629 li-

822 2639 899 2679 bris
929 2655 997 2693 pro
1021 2642 1206 2686 Obtunde's
1229 2647 1381 2700 legatur
1405 2644 1474 2688 Ob-

822 2697 944 2738 tunde.
1002 2700 1042 2738 B.

936 2754 1008 2794 Kk
1039 2766 1067 2808 4
