1875 3292
393 169 420 201 2
490 125 704 195 'AELn
739 146 910 192 DoN.
944 144 1179 191 PRAEF.
1225 109 1447 189 mun.
1482 141 1636 189 TER.
1701 200 1704 201 ⁷

395 275 569 315 Fratrum
605 268 725 316 faelo,
766 267 906 320 quibus
938 276 1215 320 argumentum
1247 264 1404 322 nititur,
1441 276 1592 304 nomen
1625 262 1778 313 accipit.

397 331 527 372 Huius
553 338 633 367 tota
661 327 758 365 atilio
786 339 906 376 quum
933 323 977 363 fit
1008 324 1128 363 mixta
1158 335 1205 360 ex
1226 332 1393 373 vti-oque
1415 334 1566 374 genere
1584 351 1593 369 ,
1625 330 1662 359 vt
1690 319 1779 359 sere

395 386 667 428 Terentianae
706 394 864 430 omnes,
910 392 1064 433 praeter
1098 378 1599 427 Heautontimorumenon,
1643 387 1778 416 tamen

397 443 537 484 maiori
556 456 605 482 ex
626 450 736 493 parte
753 439 917 478 motoria
939 437 1005 477 est.
1036 434 1126 476 nam
1143 436 1313 475 statarios
1340 435 1446 474 locos
1474 447 1691 487 perpaucos
1713 433 1780 473 ha-

398 501 478 541 bet.
536 496 692 539 Prodest
716 507 847 535 autem
877 506 917 534 et
941 488 1111 534 delec'tat
1137 494 1220 532 a&u
1248 503 1288 531 et
1313 491 1409 531 stilo.
1463 494 1507 533 ln
1530 490 1599 531 bac
1627 488 1780 544 primae

399 567 528 612 partes
557 553 665 602 sunt,
703 563 742 592 vt
771 552 932 604 quidam
960 562 1119 604 putant,
1158 553 1355 595 Demeae3
1387 558 1425 587 vt
1451 549 1630 600 quidam,
1673 548 1775 601 Syri.

400 612 522 665 Quod
544 611 569 651 fi
591 611 652 657 est,
682 620 720 649 vt
738 612 879 662 primas
899 612 1018 663 Syrus
1036 607 1199 648 habeat:
1230 603 1424 646 secundae
1445 609 1626 647 Deme-ie
1647 603 1775 653 erun't,

398 672 537 711 tertiae
555 668 764 717 Micionis,
793 678 831 706 et
854 667 901 705 iic
921 667 1122 717 deinceps.
1179 666 1417 715 Quanquam
1445 663 1563 702 etiam
1594 660 1681 702 sum
1709 662 1779 714 qui

399 736 562 781 putent,
597 727 740 778 primas
769 723 937 765 Micioni
975 722 1142 770 dandas,
1181 718 1368 760 secundas
1395 721 1512 773 Syro,
1544 720 1778 760 tertiasDe-

398 797 525 826 meae.
580 783 679 823 Nam
701 780 808 835 quod
828 781 879 819 ait
896 780 1127 828 Terentius,
1164 777 1271 818 Senes
1291 779 1353 831 qui
1366 780 1481 831 primi
1501 778 1661 825 venient,
1692 789 1778 815 non

395 841 448 883 ad
476 850 603 892 partes
629 852 723 891 quas
755 838 940 887 dicimus,
972 834 1035 877 sed
1068 836 1116 876 ad
1146 835 1326 874 ordinem
1349 835 1522 886 pertinet
1548 834 1780 873 exeuntium

397 895 661 952 personarum.
719 898 826 936 Haec
853 895 991 943 etiam,
1030 904 1070 933 vt
1105 903 1256 932 caetera
1283 887 1550 931 huiuscemodi
1581 901 1781 943 poemata,

399 955 575 1008 quinque
593 953 698 992 auus
717 951 858 991 babeat
877 947 1035 990 necefl'e
1053 949 1122 998 est,
1153 948 1278 988 choris
1297 945 1440 988 diuisos
1467 963 1488 987 a
1507 948 1664 988 Graecis
1683 950 1779 987 Poe-

399 1014 458 1053 tis.
514 1013 627 1061 Quos
660 1008 724 1048 etsi
751 1008 951 1047 retinendi
976 1004 1086 1046 causa
1117 1008 1196 1046 iam
1215 1005 1436 1045 inconditos
1463 1003 1693 1056 spectatores
1711 1004 1781 1043 mi·

401 1070 511 1109 nime
536 1066 777 1119 distinguunt
795 1065 921 1107 Latini
941 1065 1112 1112 Comici,
1151 1073 1374 1102 metuentes
1393 1058 1535 1101 scilicet
1550 1076 1604 1102 ne
1623 1063 1708 1114 quis
1728 1057 1780 1100 fa-

402 1121 574 1166 stidiosus
605 1122 714 1162 finito
741 1124 845 1171 aetu,
885 1122 989 1161 velut
1014 1120 1235 1161 admonitus
1265 1118 1460 1167 abeundi,
1498 1119 1676 1170 reliquae
1703 1119 1782 1160 Co-

400 1182 586 1223 nioediae
612 1179 677 1219 fiat
706 1190 943 1227 contemtor,
975 1177 1016 1218 et
1047 1176 1192 1231 surgat:
1223 1188 1354 1216 tamen
1384 1191 1406 1215 a
1432 1176 1552 1215 doffis
1586 1174 1781 1216 veteribus

402 1237 557 1280 discreti
575 1247 693 1289 atque
713 1235 886 1275 diliuncli
906 1233 1011 1284 sunt,
1042 1245 1080 1275 rt
1101 1248 1192 1274 mox
1213 1234 1435 1286 aperiemus
1452 1231 1537 1285 post
1554 1233 1783 1286 argumenti

402 1296 677 1335 narrationem.
732 1296 777 1333 In
796 1292 868 1332 hac
889 1293 1076 1346 Prologus
1095 1292 1294 1343 aliquanto
1315 1291 1444 1330 lenior
1463 1290 1683 1329 inducitur:
1712 1290 1781 1341 qui

401 1353 526 1407 magis
547 1353 662 1391 etiam
684 1350 725 1388 in
747 1347 785 1388 se
804 1350 1034 1402 purgando,
1064 1361 1179 1400 quam
1201 1349 1240 1386 in
1262 1345 1484 1386 aduersariis
1501 1345 1706 1387 laedendis
1727 1345 1784 1385 est

403 1421 622 1460 occupatus.
681 1406 839 1457 Protast·
864 1406 919 1445 est
937 1405 1178 1453 turbulenta,
1209 1401 1369 1457 Epitafis
1388 1401 1559 1450 clamosa,
1592 1402 1782 1456 catastro-

398 1467 471 1521 phe
498 1466 607 1504 lenis
664 1465 839 1512 Quarum
869 1463 1034 1515 partium
1053 1463 1244 1501 rationem
1265 1461 1493 1514 diligentius
1521 1459 1561 1498 in
1583 1461 1780 1513 principio

401 1520 692 1577 proposuimus,
723 1534 844 1571 quum
867 1520 918 1559 de
932 1519 1149 1560 Comoedia
1168 1518 1361 1570 quaedam
1381 1517 1612 1556 diceremus.
1672 1520 1782 1558 Haec

402 1578 495 1619 sane
516 1579 596 1617 a‘c'ta
615 1577 670 1616 est
696 1576 793 1615 ludis
822 1574 979 1615 scenicis
1004 1575 1230 1615 funebribus
1252 1579 1288 1615 L.
1308 1575 1468 1615 Aemilii
1495 1574 1626 1614 Pauli:
1660 1588 1783 1627 agen-

402 1636 505 1676 tibus
525 1639 565 1675 L.
590 1633 800 1681 Ambiuio‚
832 1644 870 1671 et
887 1636 926 1672 L.
946 1633 1175 1684 Turpione:
1205 1632 1272 1682 qui
1301 1645 1388 1669 cum
1418 1628 1489 1669 suis
1509 1629 1696 1683 gregibus
1726 1642 1783 1670 etr

404 1694 482 1732 iam
505 1702 585 1730 tum
605 1687 797 1741 personati
815 1688 996 1736 agebant.
1055 1688 1260 1729 Modulata
1273 1687 1326 1726 est
1344 1696 1473 1726 autem
1498 1686 1600 1725 tibiis
1624 1686 1781 1739 dextris,

403 1749 443 1789 id
464 1747 536 1796 est,
566 1746 715 1799 Lydiis,
752 1745 802 1783 ob
825 1733 956 1785 (eriam
976 1746 1217 1799 grauitatem,
1243 1758 1317 1796 qua
1337 1743 1421 1783 sere
1444 1744 1485 1782 in
1506 1743 1689 1782 omnibus
1707 1745 1784 1785 Co.

402 1806 569 1845 moediis
597 1805 711 1842 vtitur
738 1802 798 1841 bic
820 1805 950 1843 Poeta.
1008 1804 1137 1854 Saepe
1157 1810 1312 1847 tamen,
1345 1801 1499 1840 muratis
1526 1811 1596 1852 per
1614 1802 1783 1843 Scenam

403 1861 554 1907 modis,
592 1861 742 1899 cantica
773 1860 955 1898 mutauit:
995 1859 1100 1910 quod
1128 1857 1314 1912 fignificat
1341 1858 1475 1896 titulus
1502 1860 1674 1906 Scenae,
1717 1859 1782 1899 ba·

402 1919 501 1958 bens
527 1915 711 1957 subieclas
739 1909 911 1968 personis
943 1917 1091 1960 literas,
1117 1919 1171 1956 M.
1202 1918 1256 1955 M.
1290 1916 1338 1957 C.
1397 1918 1492 1954 ltem
1519 1915 1706 1954 Diuerbia
1731 1916 1780 1956 ab

402 1974 652 2016 histrionibus
683 1972 817 2011 crebro
837 1974 1096 2026 pronunciata
1125 1970 1231 2018 sunt,
1259 1984 1359 2024 quae
1385 1969 1648 2025 {ignificantur
1668 1975 1721 2012 D.
1742 1985 1782 2014 et

402 2038 460 2076 M.
484 2032 600 2071 literis
623 2024 830 2070 secundum
852 2028 1105 2082 personarum
1125 2030 1287 2068 nomina
1304 2027 1565 2080 praescriptis,
1596 2029 1636 2068 in
1658 2043 1706 2068 eo
1728 2031 1781 2070 lo-

405 2102 451 2129 co
480 2088 542 2127 vbi
567 2088 705 2140 incipit
731 2089 869 2130 Scena.
928 2087 1215 2127 Annotandum
1246 2084 1358 2134 stine,
1397 2084 1502 2136 quod
1524 2084 1618 2125 llaec
1638 2086 1782 2128 Fabula

403 2145 604 2193 προτατικδν
630 2143 800 2191 πρόσωπον
834 2157 917 2182 non
952 2143 1087 2192 habet,
1117 2143 1194 2182 boc
1222 2142 1301 2188 est,
1335 2140 1561 2204 personam,
1600 2156 1700 2193 quae
1730 2143 1780 2184 ad

403 2212 678 2256 argumentum
698 2201 796 2240 nibil
815 2201 997 2247 attineat,
1029 2211 1208 2264 quaeque
1227 2198 1269 2238 lit
1288 2195 1445 2238 assumta
1465 2198 1712 2250 extrinsecus,
1740 2212 1783 2242 vt

403 2260 456 2300 est
476 2261 516 2299 in
536 2260 685 2301 Andria
703 2257 819 2299 Sosia.
877 2261 990 2298 Hanc
1010 2256 1143 2297 dicunt
1163 2268 1212 2296 ex
1229 2256 1481 2297 Terentianis
1503 2254 1674 2296 secundo
1695 2260 1783 2309 loco

404 2318 548 2362 aCtam,
582 2317 697 2356 etiam
728 2327 808 2354 tum
836 2314 924 2354 rudi
953 2316 1115 2355 nomine
1146 2318 1301 2354 Poetae.
1361 2315 1502 2364 Itaque
1528 2313 1575 2352 lic
1603 2320 1781 2366 pronun-

404 2374 560 2420 ciatam,
592 2371 777 2425 Adelphoe
795 2370 966 2419 Terentl,
996 2385 1078 2411 non
1103 2371 1265 2412 Terent!
1278 2367 1485 2422 Adelphoe:
1515 2369 1621 2422 quod
1649 2372 1780 2414 adhuc

403 2430 527 2480 magis
569 2429 619 2467 (le
648 2429 814 2468 Fabulae
841 2430 1005 2469 nomine
1034 2430 1173 2479 Poeta,
1213 2439 1330 2479 quam
1358 2427 1409 2466 de
1439 2429 1583 2468 Poetae
1611 2429 1782 2470 nomine

402 2485 545 2526 Fabula
575 2485 915 2525 commendabatur
941 2488 1076 2539 (Quae
1103 2486 1154 2526 de
1184 2496 1363 2536 tempore
1389 2483 1504 2522 buius
1535 2484 1704 2526 Fabulae
1738 2498 1779 2527 et

402 2542 567 2580 nomine
589 2542 788 2588 dicuntur,
817 2556 949 2597 nugae
975 2541 1070 2583 sunt.
1127 2542 1231 2584 Vide
1250 2541 1360 2581 Petit.
1390 2540 1440 2580 de
1467 2540 1561 2582 ord.
1580 2541 1779 2585 Comoed-

399 2600 561 2638 Terent.
580 2602 696 2638 'lom
716 2603 740 2637 1.
763 2614 798 2650 p.
821 2606 884 2651 57‘.
915 2603 989 2652 Z).
1048 2604 1092 2641 In
1113 2599 1185 2638 hac
1203 2598 1362 2650 quidem
1388 2596 1578 2648 spe-statur
1603 2599 1698 2651 quid
1718 2602 1777 2640 in-

399 2654 498 2695 teriit
517 2656 618 2695 inter
636 2655 810 2695 rusticam
830 2666 869 2697 et
889 2656 1074 2698 vrbanam
1089 2658 1224 2698 vitam:
1256 2657 1390 2695 mitem
1410 2665 1449 2695 et
1467 2652 1662 2708 asperam:
1691 2670 1779 2697 coe-

1687 2714 1780 2755 libis
