1827 3180
641 130 675 176 P
687 130 735 175 H
748 129 834 174 OR
846 129 930 174 Ml
944 129 1007 175 0.

1401 144 1496 194 535

250 256 360 308 GE.
401 253 556 315 Quid?
590 260 780 306 nimium
817 267 1034 325 quamtum
1071 253 1216 303 libuit.
1255 253 1366 306 CH.
1408 260 1492 309 dic.

348 331 453 382 GE.
488 334 518 381 si
546 338 642 400 quis
667 336 792 382 daret

247 412 492 462 Talentum
528 429 756 473 magnum.
791 408 901 459 CH.
939 412 1080 458 immo
1121 409 1289 458 malum
1322 410 1495 461 hercle:

347 500 396 535 vt
419 488 528 535 nihil
550 487 711 553 pudet!

148 583 215 629 40
255 567 355 614 GE.
395 565 532 621 Quod
556 565 643 612 dixi
666 564 773 611 adeo
799 566 862 612 ei:
895 563 1065 627 quaeso,
1087 563 1228 633 quid?
1260 562 1291 613 fi
1323 562 1458 614 filiam

249 645 383 689 Suam
407 643 579 689 vnicam
601 637 797 693 locaret?
832 641 961 707 parui
984 640 1139 689 retulit

114 901 207 952 Quo
236 898 385 939 facilius
405 895 653 951 persuadeat,
682 895 782 938 fum-

1380 758 1495 803 Non

827 900 971 942 remim
989 900 1029 939 in
1040 898 1275 941 Phormione.
1338 899 1407 939 Vbi
1420 898 1498 940 Cel-

114 972 220 996 mam
241 953 451 996 neceffario
476 956 571 994 dicit
593 957 781 996 maiorem
817 958 888 1008 fics
929 960 1179 1010 pronunciat:
1226 958 1285 997 vti
1318 959 1498 997 Immane

113 1015 243 1067 primo
265 1014 438 1065 petitam.
498 1016 540 1053 E.

168 1068 338 1122 Iufinire
360 1069 422 1108 hic
443 1083 524 1108 non
553 1065 632 1108 esse
652 1067 780 1108 debac-

115 1125 243 1174 chari,
287 1124 352 1165 sed
377 1125 592 1178 imtnenfitm
614 1129 781 1178 pretium

110 1182 309 1237 postulare,
336 1184 440 1223 reste
457 1183 553 1222 vidit
568 1182 782 1237 Eugraphi-

116 1253 174 1279 us.
232 1244 366 1290 Atque
398 1237 498 1278 rsum
534 1239 640 1278 hunc
672 1239 780 1278 verbi

117 1296 248 1335 multis
279 1297 464 1346 exemplis
496 1295 627 1335 docuit
647 1297 779 1348 Cupe-

118 1364 181 1391 rus
200 1349 417 1390 Obseruatt.
440 1366 472 1398 1,
512 1364 574 1405 19.
630 1355 669 1392 Z.

181 1415 231 1458 38
265 1407 398 1460 Quid?
423 1410 579 1447 nimium
604 1420 783 1458 quantum

118 1463 252 1518 libuit]
287 1463 408 1515 Apud
442 1461 627 1515 quosdam
655 1464 784 1502 diuer-

117 1519 182 1561 sae
202 1517 389 1572 personae
408 1532 494 1560 cum
516 1520 639 1560 verbis
658 1519 791 1574 singu«

118 1578 176 1617 Iis.
233 1577 283 1616 D.

173 1631 329 1688 Libuit]
357 1636 445 1674 Hoc
470 1631 546 1682 est,
575 1635 780 1684 Quantum

117 1690 159 1731 ei
195 1690 329 1739 libuit,
372 1699 522 1729 tantum
562 1689 779 1742 postulauit.

117 1747 161 1786 Si
182 1751 262 1801 quis
275 1748 381 1786 daret
393 1745 571 1785 talentum
582 1745 778 1801 magnum]

115 1803 301 1846 Dicendo
330 1804 517 1858 Magnum
553 1803 687 1842 innuit
712 1807 786 1843 Ta-

121 1861 278 1908 lentum
309 1857 388 1898 effe
417 1869 457 1897 et
483 1860 618 1899 minus.
684 1861 783 1899 Nam

118 1917 253 1957 Maius
301 1914 539 1968 appenditur
590 1929 685 1956 cxx
737 1916 783 1954 li-

121 1974 210 2013 bris.
267 1976 307 2013 E.

173 2030 346 2069 Nimium
387 2028 588 2084 quantum]
637 2024 783 2071 Charis.

120 2085 188 2125 lib.
213 2099 250 2126 2.
306 2089 347 2127 L.

174 2141 271 2182 Cod.
313 2155 395 2194 900
432 2154 624 2181 annorum
653 2138 784 2195 Qum-

122 2210 205 2238 tum
235 2198 382 2240 voluit,·
408 2208 447 2237 et
467 2197 603 2237 Libuit
627 2211 696 2248 pro
727 2211 786 2235 ra-

122 2256 176 2293 ria
197 2254 367 2292 lessione
387 2254 487 2291 inter
505 2255 640 2292 lineas.
680 2254 787 2292 Hinc

121 2320 253 2364 patet,
284 2319 492 2359 vti-umque
521 2306 600 2348 esse
620 2307 786 2346 addititi-

120 2380 204 2406 um.
261 2365 427 2418 Con-ige
446 2366 561 2416 igitur
580 2377 669 2402 cum
690 2365 787 2413 aliis,

122 2425 171 2463 G.
219 2422 356 2478 Qud?
404 2423 558 2460 nimiam
595 2433 786 2474 quantum.

123 2481 173 2519 C.
213 2478 414 2531 quantum?
451 2477 520 2516 dic.
559 2477 604 2516 G.
633 2474 677 2528 fi
705 2479 789 2529 quis

120 2536 240 2575 daret.
301 2534 364 2574 Sic
394 2533 485 2572 olim
514 2531 669 2586 legebat
695 2533 788 2572 Cel-

119 2589 185 2632 sus
206 2590 483 2632 Grammaticus
513 2588 616 2641 apud
636 2587 783 2630 Charis.

126 2663 168 2702 p.
197 2655 287 2700 185.
316 2647 487 2688 Nimium
501 2657 700 2703 quantum:
723 2646 790 2686 Te-

832 1027 1033 1066 quamnm,
1046 1012 1280 1053 Incredibile
1293 1024 1496 1065 quantum.

831 1071 935 1112 Licet
958 1070 1111 1124 quidam
1118 1067 1182 1120 fif,
1195 1069 1331 1125 legant,
1359 1073 1495 1123 inquit,

831 1141 875 1167 vt
896 1127 1072 1167 Nimium
1082 1123 1220 1177 servus
1235 1128 1348 1174 dicat,
1363 1129 1499 1179 Quan-

832 1195 915 1223 tum
933 1197 1021 1224 vero
1037 1183 1168 1234 fines:
1183 1182 1256 1235 fid
1274 1183 1502 1238 finientium

830 1255 907 1281 non
926 1239 1154 1295 intelligunt.
1209 1244 1249 1281 B.

888 1310 941 1351 39
979 1298 1171 1337 Talentum
1193 1297 1384 1350 magnum]
1406 1293 1498 1336 Pris-

835 1355 929 1393 cian.
951 1353 1016 1393 lib.
1038 1354 1089 1392 de
1106 1354 1271 1404 ponder.
1331 1356 1372 1392 L.

888 1408 1021 1450 Verba
1039 1410 1154 1448 Immo
1183 1408 1320 1451 malum
1347 1408 1380 1448 h.
1401 1423 1437 1448 v.
1459 1422 1496 1449 n.

828 1476 868 1518 p.
901 1465 994 1504 ficut
1021 1462 1219 1516 superiora
1250 1465 1367 1514 Cedo,
1407 1464 1502 1518 quid

828 1521 1002 1574 postulat,
1023 1520 1150 1561 tribue
1169 1521 1429 1573 Demiphoni,
1458 1523 1524 1561 li--

831 1578 909 1617 bris
955 1578 1089 1617 nostris
1134 1577 1314 1616 ducibus.
1378 1581 1498 1618 Hunc

829 1636 938 1674 enim
949 1634 1142 1675 conuenit
1152 1634 1380 1682 exclamare,
1392 1635 1503 1686 quip7

831 1704 882 1742 pe
905 1689 1193 1742 quimetuebat‚
1216 1703 1269 1730 ne
1287 1690 1338 1730 de
1349 1688 1417 1730 suo
1428 1687 1501 1730 sol·

834 1747 1009 1787 nendum
1027 1745 1134 1787 effer.
1190 1748 1232 1787 Β.

885 1818 941 1857 40
969 1803 1126 1860 Qaqfi),
1147 1804 1239 1856 quid
1254 1802 1441 1853 fi'vnicam
1451 1801 1500 1857 fi-

831 1860 936 1915 liam]
967 1864 1039 1908 Vt,
1074 1861 1217 1910 inquit,
1251 1859 1501 1901 ostenderem

834 1918 891 1966 ei,
929 1916 1071 1956 iniuste
1106 1916 1265 1968 positam
1296 1915 1500 1965 summam,

834 1973 927 2023 dixi,
958 1973 1065 2024 Quid
1087 1972 1112 2011 fi
1140 1983 1178 2011 tu
1201 1974 1356 2012 vnicam
1378 1971 1498 2013 filiam

834 2041 942 2069 tuam
976 2031 1018 2068 in
1058 2030 1352 2068 matrimonium
1381 2031 1498 2070 collo-

835 2099 960 2135 cares,
1012 2085 1249 2126 tantundem
1283 2086 1383 2125 dotis
1427 2086 1499 2127 da·-

834 2143 920 2183 res?
976 2145 1021 2182 E.

889 2209 941 2252 41
973 2198 1095 2239 Parui
1125 2198 1274 2252 retulit]
1302 2196 1411 2238 Nihil
1440 2199 1500 2239 in-

835 2255 994 2295 terfuit:
1026 2255 1090 2293 vel
1132 2267 1269 2305 parum
1293 2254 1496 2307 interfuit,

836 2311 877 2350 id
898 2310 964 2358 est,
987 2307 1086 2349 nihil
1106 2309 1263 2359 profuit.
1321 2314 1369 2351 D.

888 2367 1008 2406 Parui
1037 2367 1187 2420 retulit]
1214 2366 1291 2405 Sed
1324 2378 1497 2408 contem·

836 2421 907 2462 {isti
935 2421 1041 2468 illud,
1072 2434 1282 2473 propterea
1301 2425 1392 2476 quia
1413 2439 1497 2464 non

836 2475 1044 2530 susceperis
1063 2477 1204 2525 filiam3
1230 2477 1294 2519 sed
1312 2482 1392 2532 pari
1415 2494 1500 2520 mo·

839 2534 891 2573 do
930 2535 1050 2573 etiam
1075 2536 1290 2575 Dominus:
1328 2551 1420 2578 nam
1450 2537 1502 2577 fie-

838 2592 977 2643 coepit‚
998 2600 1039 2628 et
1060 2593 1210 2632 inuenta
1232 2590 1300 2644 est,
1326 2606 1418 2646 quae
1434 2595 1497 2634 do-

838 2662 909 2688 tem
931 2659 1045 2701 petat.
1098 2650 1143 2688 E.

951 2705 1010 2744 Li
1039 2714 1070 2755 4
