1875 3244
647 169 946 230 HECYRQ

1360 178 1456 224 279

218 304 373 353 Noui:
413 311 456 348 et
476 316 587 364 quae
606 299 725 352 dicis,
750 298 897 345 omnia
923 290 1020 347 effe,
1040 304 1087 341 vt
1108 293 1228 345 dicis,
1258 293 1455 338 animum

324 377 508 424 induco:

220 457 278 502 Et
295 464 340 501 te
363 453 448 499 hoc
472 451 579 498 mihi
604 451 736 515 cupio
756 447 957 495 credere:
990 445 1108 492 illam
1130 443 1183 491 ad
1207 459 1284 492 vos
1310 441 1454 490 redire

324 527 488 579 studeo,

218 607 263 653 si
295 605 433 651 facere
454 599 607 667 poffim
630 600 718 647 vllo
740 598 891 646 modo.
939 593 1042 644 LA.
1082 611 1192 659 quae
1226 609 1296 640 res
1322 603 1365 640 te
1395 593 1454 640 fa·

319 696 415 725 cere
438 678 480 724 id
503 676 710 741 prohibet
725 677 749 720 ¹?

118 772 180 818 25
218 758 331 807 Eho,
356 752 674 816 numquidnam
695 748 857 797 accusat
883 745 1064 796 virum?
1110 743 1213 793 ΡΗ.
1249 747 1449 792 minime.

318 846 417 876 nam
439 826 668 894 postquam
691 824 854 873 attendi

216 908 375 966 Magis,
398 916 440 950 et
464 905 505 951 vi
526 904 651 967 coepi
678 916 836 962 cogere
847 910 892 947 vt
908 898 1092 952 rediret;
1115 892 1255 942 sanae
1268 894 1449 947 adiurat,

216 986 326 1030 Non
349 976 469 1046 poffe
491 977 610 1045 apud
631 994 709 1025 vos
721 974 950 1042 Pamphilo
964 974 1001 1021 se
1012 973 1183 1025 absente
1193 971 1447 1037 perdurare.

136 1173 189 1203 22
223 1159 272 1199 Et
295 1173 384 1213 quae
407 1158 520 1204 dicis,
551 1159 671 1196 omnia
695 1155 744 1207 ef
790 1167 874 1196 rem
923 1152 1161 1206 propiorem.

1311 1036 1447 1092 Aliud

1237 1151 1334 1191 Nam
1383 1150 1447 1188 illa

66 1216 133 1271 se,
168 1232 210 1256 vt
232 1217 338 1264 dicis]
370 1214 490 1266 Quod
512 1214 671 1253 iurauit:
701 1225 742 1252 et
791 1211 953 1264 quaerit,
972 1223 1071 1261 quae
1092 1205 1218 1248 solent
1234 1207 1284 1246 de
1303 1206 1446 1245 maritis

81 1273 188 1326 quod
208 1274 422 1326 dixitgnati
445 1269 562 1321 causiz,
586 1280 625 1308 et
636 1268 740 1326 quold
790 1268 942 1320 puellae
963 1264 1147 1304 matribus
1166 1264 1289 1315 queri.
1344 1263 1446 1303 Nam

79 1329 248 1378 addidit,
277 1329 392 1384 Qod
411 1327 507 1366 illam
525 1339 623 1365 amet
635 1327 740 1365 Pam·

79 1387 217 1438 philus.
275 1389 325 1426 D.

130 1455 180 1492 23
215 1440 264 1478 Et
289 1455 324 1479 te
345 1438 412 1477 boc
431 1437 522 1476 mihi
540 1440 642 1490 cupio
664 1450 737 1475 cre-

784 1322 976 1376 postquam
1005 1321 1163 1374 attendi]
1199 1319 1333 1358 Institi.
1396 1320 1442 1357 Et

792 1379 889 1426 ride,
909 1390 1002 1417 num
1025 1376 1120 1415 defit
1139 1378 1322 1415 animum:
1353 1373 1443 1412 vtlit

787 1434 945 1474 Attendi
964 1437 1132 1472 animum.
1154 1446 1233 1470 nou
1247 1431 1351 1470 enim
1365 1431 1442 1480 ple-

77 1498 176 1549 dere]
209 1497 375 1543 Melius,
407 1508 519 1546 quam
550 1494 572 1532 si
601 1505 640 1532 et
674 1493 736 1531 hic
787 1504 882 1529 num
903 1489 968 1535 est,
991 1488 1052 1528 sed
1075 1488 1233 1527 nudum.
1292 1486 1442 1526 Aduer-

74 1554 230 1593 iuraret.
289 1555 339 1591 Et
367 1564 402 1589 te
430 1550 496 1587 boc
523 1550 612 1588 mihi
630 1551 734 1601 cupio
788 1548 814 1584 ti
847 1548 953 1585 enim
983 1546 1134 1591 oculos,
1165 1554 1232 1582 aut
1251 1543 1438 1591 animum,

75 1610 232 1658 credere]
261 1611 368 1647 Bene
387 1606 547 1658 collegit
570 1602 733 1645 exvicis-

72 1664 250 1711 titudine,
283 1662 387 1713 quod
409 1662 575 1699 volebat.
630 1663 677 1701 D.

784 1600 1016 1642 subauditur.
1074 1603 1122 1640 D.

839 1661 891 1700 26
922 1657 1048 1696 Sunt-‘te
1076 1654 1246 1708 adiurat]
1286 1652 1335 1692 *ro*
1369 1653 1440 1698 Ad,

124 1732 179 1772 24
208 1718 396 1770 Sifiicere
412 1714 558 1770 poffim]
589 1717 662 1755 Hic
680 1715 733 1755 est
781 1725 886 1753 nunc
921 1713 1110 1751 aniliuum
1146 1710 1216 1750 est:
1256 1708 1442 1763 fignificat

66 1776 257 1821 remotio,
287 1773 327 1812 Si
354 1772 486 1824 facere
511 1770 633 1824 pofflm
657 1773 728 1810 vllo

68 1832 187 1870 modo.
218 1842 255 1870 et
279 1831 431 1869 mollius
460 1828 577 1876 dixit,
610 1841 729 1878 quam

63 1887 102 1934 sl,
137 1886 215 1925 Nec
228 1890 356 1937 facere
374 1883 530 1937 pofficm,
559 1881 724 1923 dixisset.

67 1941 144 1981 hoc
174 1944 280 1980 euim
303 1942 380 1979 vult
403 1934 592 1992 intelligi,
627 1939 725 1988 Volo,

70 2012 104 2036 et
129 2001 204 2047 (αι)
222 2011 294 2035 non
310 1996 588 2048 poffitmfhcere.
621 1997 669 2035 D.

128 2052 251 2092 Nostri
272 2052 394 2094 Codd.
415 2053 582 2091 numeris
610 2051 725 2102 paulo

69 2107 295 2149 melioribus
308 2108 514 2154 ¹collocant,
536 2109 644 2163 Qae
668 2110 726 2147 res

71 2179 107 2205 te
126 2165 306 2216 idfacere
318 2163 516 2217 pr6hibet?
571 2167 612 2203 B.

129 2233 178 2272 25
211 2219 309 2259 Eho!
351 2233 436 2258 num
465 2219 636 2272 quidnam
668 2230 726 2255 ac-

72 2276 173 2327 cufiit
230 2278 351 2314 virum
373 2276 419 2330 ζ’]
479 2274 725 2325 Gelliculatio

71 2330 262 2383 quaedam
301 2328 500 2370 secretiora
539 2341 726 2380 quaeren-

72 2390 130 2427 tis.
164 2385 275 2437 fite-pe
295 2389 398 2426 enim
421 2386 469 2425 de
490 2386 633 2424 maritis
657 2398 726 2435 pu-

70 2444 172 2482 ellae
212 2442 431 2492 parentibus
465 2441 573 2493 queri
605 2439 727 2480 solent

71 2498 217 2549 ahquid
259 2495 467 2544 eiusmodi,
503 2496 606 2548 quod
640 2494 724 2535 solis

74 2555 160 2607 ipsis
173 2552 490 2594 committendum
502 2552 567 2593 est.
623 2552 727 2595 Eho!

72 2624 159 2650 num
180 2610 354 2664 quidnam
372 2608 518 2660 accufin
544 2608 727 2661 virum?]

73 2666 174 2716 Eho,
211 2666 425 2707 interiectio
456 2665 638 2717 ponentis
666 2677 732 2703 au-

781 1772 886 1810 enim
910 1768 1027 1808 Valde.
1085 1770 1131 1806 l).

837 1837 891 1876 27
919 1825 1010 1864 Non
1027 1822 1120 1874 P0Jfi’
1137 1822 1235 1874 apud
1253 1835 1319 1859 vos
1331 1821 1442 1860 Pam-

773 1880 877 1932 philo
881 1879 925 1931 ft
935 1880 1077 1930 alfime
1084 1876 1302 1931 perdurare]
1328 1880 1438 1916 Bene

778 1937 842 1976 liic
867 1936 1017 1975 addidit
1039 1939 1155 1975 Poeta
1174 1933 1299 1972 verba·
1314 1932 1439 1972 Philu-

777 2005 929 2039 menae,
957 1993 1005 2030 ad
1027 2004 1128 2045 quae
1147 1989 1355 2040 Phidippus
1377 2002 1436 2026 re-

777 2047 1002 2100 spondebat,
1031 2060 1150 2098 quum
1170 2046 1329 2089 diceret,
1356 2042 1442 2091 Eis?

764 2104 849 2156 fiio
879 2117 961 2157 ego,
991 2102 1220 2146 Philumena,
1243 2113 1356 2139 meum
1378 2104 1434 2140 iu,-

776 2160 852 2212 effi’,
885 2160 963 2209 dyc.
1022 2160 1114 2198 Non
1140 2157 1234 2208 posse
1253 2157 1354 2207 apud
1371 2169 1435 2194 vor

777 2216 966 2268 Pamphilo
978 2213 1020 2264 fi
1043 2213 1185 2263 obstrue
1205 2212 1431 2264 perdurare]

777 2270 987 2322 Magnifice
1027 2281 1159 2307 contra
1199 2267 1291 2306 illud
1324 2268 1430 2318 quod

777 2328 918 2367 Laches
955 2326 1070 2371 dixit,
1115 2336 1233 2377 aegre
1267 2324 1430 2361 laturum

777 2382 1030 2432 Pamphilum.
1060 2391 1099 2417 et
1123 2380 1175 2417 ita
1196 2380 1345 2418 locutus
1365 2379 1429 2427 est,

777 2436 879 2489 quali
899 2436 970 2475 hoe
980 2434 1183 2486 Pamphilo
1202 2435 1343 2487 gratius
1354 2432 1432 2474 efle

778 2494 927 2532 debeat.
983 2491 1240 2538 Perdurare‘j.
1271 2492 1431 2542 Proprie

779 2562 818 2589 et
837 2547 1076 2588 muliebriter
1093 2546 1199 2586 dixit.
1260 2548 1306 2586 D.

830 2607 872 2646 Sc
899 2603 1040 2655 absente
1055 2603 1272 2656 perdurare]
1304 2602 1429 2642 Serui:

779 2676 821 2703 us
840 2659 1006 2704 Aeneid.
1026 2673 1109 2707 κη,
1124 2663 1215 2706 816-
1269 2661 1310 2698 L.

891 2717 973 2769 84
