1875 3292
386 216 478 265 ,122

771 193 932 242 ACT.
961 195 1031 240 IV.
1063 188 1255 240 SCEN.
1290 193 1343 238 11.

515 331 739 376 Praeterea
759 333 917 376 autem,
943 320 1049 368 dum
1069 320 1194 367 illum
1214 335 1441 384 quaero,.a
1459 319 1557 368 villa
1580 335 1741 366 merce-

616 401 789 446 narium

512 476 638 525 Vidi:
667 477 703 521 is
717 472 854 519 filium
867 482 995 532 negat
1009 468 1090 518 effe
1103 473 1196 518 ruri
1211 490 1221 516 z
1258 487 1352 524 nec,
1363 470 1469 535 quid
1482 487 1621 532 agam,
1643 469 1740 516 scio.

513 551 561 602 C
577 564 628 597 T.
663 553 785 612 Syre.
826 546 855 594 S
872 562 916 594 Y.
962 546 1069 610 quid
1101 545 1189 592 est?
1239 543 1350 593 CT.
1390 542 1505 592 men’
1541 544 1740 609 quaerit?

610 622 692 670 SY-
730 640 899 671 verum.
937 619 984 670 C
997 637 1048 670 T.

611 701 734 750 bono
773 715 834 744 es.

378 907 453 955 est,
483 903 683 944 neminem
715 899 882 946 facilius,
916 908 1034 950 quam

379 964 572 1016 optimum
601 969 796 1010 quemque
817 955 896 996 salli
918 967 1034 1007 atque

379 1017 534 1063 deludi,
579 1026 618 1052 vt
648 1014 833 1065 Virgilius
870 1012 932 1050 ait.
985 1013 1035 1050 Et

378 1076 469 1115 Nae
490 1070 599 1111 valde
617 1068 813 1123 fignificat.
835 1078 872 1106 rt
889 1068 973 1106 Nae
991 1067 1034 1105 il-

377 1132 407 1172 li
425 1129 648 1169 vehementer
664 1137 804 1172 errant,
827 1124 973 1165 Cicero
990 1124 1033 1161 in

377 1187 495 1228 Catil.
516 1186 583 1233 (11,
605 1183 672 1237 3.).
732 1181 817 1220 Nae
840 1193 906 1233 ego
925 1177 1034 1218 homo

366 1243 457 1296 fiaem
482 1244 519 1279 in
543 1239 632 1292 elix]
663 1236 766 1278 Vide
785 1237 934 1275 initium
946 1248 1035 1273 con-

381 1299 550 1338 ueniens
572 1303 765 1345 perpetuo
781 1292 1038 1332 moeroriDe-

378 1366 504 1394 meae.
557 1353 631 1391 Per
643 1359 761 1388 totam
779 1347 1038 1395 tabulam,aut

376 1407 675 1464 Dfferiidicit,
696 1415 761 1444 aut
771 1401 1036 1456 Defijfficsfimt,

380 1480 446 1506 aut
481 1462 626 1513 aliquid
662 1461 737 1500 tale
775 1458 929 1511 semper
968 1458 1037 1508 est,

379 1521 487 1574 quod
516 1529 717 1572 queratur:
748 1518 798 1554 ita
816 1528 968 1560 tamen,
1000 1526 1039 1551 vt

380 1593 470 1616 cum
489 1584 703 1627 augmento
716 1572 756 1611 lit
770 1569 927 1619 miseria,
941 1583 1038 1621 quo-

380 1632 609 1681 tiel'cunque
640 1625 871 1679 process‘erit.
937 1629 1038 1665 Nam

379 1691 467 1741 plus
490 1687 542 1725 est
561 1685 665 1736 quod
687 1695 793 1722 nunc
813 1681 928 1729 dixit,
959 1681 1040 1719 Nae

362 1758 449 1799 ,ego
480 1743 615 1794 infelix
643 1739 750 1777 homo
769 1736 880 1787 stam:
919 1750 1036 1787 quam

380 1798 561 1853 Disperii.
601 1794 794 1847 Nusquam
807 1794 950 1832 inuenio
956 1805 1037 1845 gen-

382 1856 496 1908 tium]
524 1852 711 1894 Abundat
741 1851 922 1890 Gentium.
953 1849 1005 1887 Ι).

438 1913 522 1952 Nae
538 1922 604 1964 ego
613 1908 701 1958 fiam
716 1905 848 1956 infelix
860 1904 898 1958 l]
918 1906 1040 1943 Inter-

379 1983 427 2010 ea
455 1968 546 2007 dnm
566 1963 762 2014 conquirit
786 1960 941 2001 statrem
957 1962 1039 2001 De-

379 2038 488 2071 mea,
522 2020 708 2074 cognouit
739 2032 761 2056 a
786 2016 1038 2062 mercenario,

380 2083 421 2120 in
442 2080 528 2117 villa
556 2090 635 2116 non
665 2072 742 2114 esse
763 2071 895 2112 filium.
953 2069 1038 2111 Iras-

379 2139 477 2176 citur
513 2136 553 2173 in
580 2135 719 2186 Syrum
754 2140 794 2168 et
821 2140 1035 2168 commoue-

381 2204 454 2232 tur.
512 2195 555 2231 E.

439 2245 577 2288 Versus
626 2242 680 2283 cst
723 2239 820 2281 iusto
868 2240 1036 2292 longior.

381 2308 473 2346 Duo
496 2317 544 2343 ex
568 2300 700 2338 nostris
714 2311 794 2336 non
808 2295 1040 2335 habentHo-

383 2374 452 2399 mo.
510 2357 645 2398 Malim
674 2366 805 2394 tamen
828 2354 915 2395 Sum
939 2353 1036 2391 eiice-

384 2431 434 2455 re.
496 2418 535 2454 B.

439 2483 465 2512 2
495 2473 526 2507 Λ
556 2467 644 2506 villa
664 2468 920 2506 mercenarium
940 2462 1038 2524 vida]

381 2524 665 2577 Sapie-utillime
696 2523 929 2568 'len-entim,
974 2521 1039 2559 eth

386 2583 559 2634 proxima
595 2580 682 2616 villa
717 2579 789 2625 cst,
831 2572 1040 2616 necessario

384 2638 516 2677 senem
536 2637 579 2673 ad
603 2635 768 2683 reliquos
797 2637 898 2671 nllus
922 2631 1043 2671 Fabu-

388 2699 450 2736 lae
478 2692 603 2733 noluit
630 2688 677 2727 ab
710 2689 797 2729 ιώε
830 2686 1038 2738 ιί.·ζςοάοι·ε,

1085 623 1221 688 perii!
1263 617 1342 667 SY.
1383 623 1492 686 quin
1514 633 1561 668 tu
1595 621 1742 667 animo

1567 788 1593 835 ς
1635 767 1741 817 ΠΕ.

1084 896 1272 952 personae
1293 895 1422 938 senilis
1437 908 1598 937 memor.
1638 896 1740 934 Nam

1083 969 1122 996 et
1148 955 1309 995 arduum
1337 953 1484 1002 fuerat,
1515 952 1606 991 dum
1623 951 1740 999 redit,

1083 1025 1124 1052 et
1141 1010 1361 1059 cruciabile,
1383 1022 1434 1049 ne
1451 1007 1625 1061 fatigatio
1655 1007 1740 1046 eius

1081 1070 1123 1108 iu
1144 1066 1407 1120 Tragoediam
1435 1064 1619 1104 tranliret.
1672 1066 1742 1103 Re·

1083 1125 1142 1164 Cte
1163 1125 1280 1176 igitur
1298 1122 1472 1169 inuenit,
1502 1135 1523 1159 a
1542 1133 1744 1160 mercena-

1085 1182 1142 1220 rio
1163 1180 1279 1219 illi'in
1300 1178 1396 1217 vrbe
1419 1188 1614 1216 narratum
1627 1205 1636 1222 ,
1663 1175 1744 1214 ruri

1087 1250 1171 1276 non
1215 1232 1293 1274 ess'e
1332 1233 1622 1285 Cteliphonem.
1689 1236 1743 1272 At

1085 1292 1148 1332 vbi
1166 1287 1329 1343 persona
1347 1289 1400 1329 est
1417 1287 1682 1334 adolescentis,
1705 1297 1747 1326 et

1086 1344 1337 1402 proficiscitur
1357 1345 1405 1385 ad
1425 1346 1572 1385 villam:
1605 1354 1643 1383 et
1654 1355 1746 1382 con·

1086 1406 1198 1444 tinuo
1237 1402 1347 1442 redit.
1391 1411 1434 1441 vt
1473 1402 1514 1440 in
1548 1399 1742 1441 Eunucho

1086 1458 1287 1501 Phaedria.
1341 1460 1390 1498 Et
1417 1459 1451 1497 A
1475 1455 1588 1496 villa.-
1615 1467 1742 1495 vtrum

1086 1518 1120 1556 A
1149 1528 1219 1568 pro
1247 1515 1290 1554 de
1319 1513 1482 1566 politum
1517 1511 1589 1552 est:
1620 1524 1658 1551 vt
1687 1511 1742 1560 lit,

1085 1573 1148 1612 De
1167 1569 1284 1614 villa?
1312 1584 1363 1608 an
1389 1568 1494 1608 deest
1520 1568 1668 1621 Veniffi.
1704 1580 1743 1608 vt

1087 1628 1146 1675 sit,
1174 1628 1209 1666 A
1238 1625 1328 1665 villa
1353 1627 1433 1665 vidi
1460 1624 1590 1676 vemffie
1617 1639 1746 1664 merce·

1088 1684 1246 1722 narium.
1304 1685 1355 1722 D.

1143 1751 1165 1790 3
1201 1737 1283 1775 Nec
1307 1735 1398 1789 quid
1420 1748 1542 1790 agam,
1560 1736 1657 1786 fiio]
1689 1738 1744 1775 V-

1084 1805 1184 1832 trum
1214 1791 1371 1832 fratrem
1397 1804 1446 1830 an
1473 1790 1592 1830 filium
1620 1792 1743 1844 magis

1086 1861 1282 1901 quaeram.
1342 1851 1440 1889 Nam
1467 1845 1583 1886 senex
1606 1861 1745 1898 queru-

1086 1907 1145 1945 lus
1175 1905 1245 1944 tria
1271 1903 1364 1942 dicit
1388 1899 1466 1942 ess'e
1494 1904 1741 1942 incommoda

1087 1961 1177 2001 fibi:
1205 1959 1311 2010 quod
1345 1958 1499 1998 fratrem
1526 1973 1605 1998 non
1635 1960 1744 1998 inue-

1088 2018 1186 2057 niat:
1218 2016 1323 2067 quod
1343 2014 1528 2067 Ctelipho
1558 2016 1633 2054 ruri
1661 2030 1746 2057 non

1088 2073 1149 2113 fit:
1181 2071 1286 2123 quod
1306 2083 1425 2110 »atrum
1446 2073 1483 2110 in
1507 2071 1598 2110 vrbe
1615 2086 1745 2112 mane-

1088 2140 1137 2176 at,
1161 2142 1209 2167 an
1228 2128 1275 2167 ad
1295 2128 1422 2166 villam
1439 2126 1562 2176 abeat,
1578 2125 1657 2180 ipse
1675 2140 1745 2168 nc·

1089 2183 1187 2224 sciat.
1247 2187 1296 2225 D.

1142 2241 1271 2296 Negat
1291 2239 1352 2292 ‘ffi
1378 2240 1479 2294 ruri]
1509 2237 1653 2282 Charis.
1676 2240 1743 2281 lib.

1093 2307 1126 2339 1.
1181 2300 1224 2337 L.

1143 2363 1171 2402 4
1203 2351 1354 2406 Verum]
1385 2352 1508 2392 Modo
1527 2365 1663 2400 verum,
1676 2365 1745 2392 no-

1089 2422 1183 2448 men
1214 2407 1287 2447 est:
1315 2422 1363 2447 an
1397 2408 1622 2448 aduerbium
1642 2421 1747 2447 com-

1089 2464 1284 2510 firmands,
1304 2464 1340 2502 id
1354 2463 1419 2510 est,
1432 2465 1548 2509 were?
1601 2464 1702 2504 Perii
1714 2465 1748 2519 l}

1090 2524 1198 2561 Haec
1223 2519 1472 2571 Cteliplwnis
1509 2519 1744 2572 perturbatio

1090 2577 1166 2615 huc
1185 2575 1309 2614 tendit
1332 2581 1470 2615 l'ovrrw
1490 2588 1586 2620 arte.
1621 2587 1658 2613 vt
1680 2575 1745 2616 de-

1090 2630 1354 2684 prehendatur
1378 2645 1466 2670 cnm
1499 2634 1616 2670 amica
1648 2631 1746 2672 lilius

1091 2687 1350 2740 (Fortqsislus
1380 2692 1468 2738 A),
1503 2698 1667 2739 repente
1687 2689 1748 2726 in·

1628 2742 1751 2795 gresso
