1875 3244
605 153 900 198 ADELPH.

1325 156 1414 210 185

128 276 442 332 Achs
504 255 842 336 vaTt
899 271 1189 325 scENA
1244 272 1345 325 tv.

286 376 306 389 “
609 365 873 406 DEMEA.

56 499 153 616 N
171 525 199 554 v
223 523 256 552 n
277 523 311 560 Q
327 523 355 551 v
375 522 399 549 Α
421 521 457 549 Μ
497 505 552 550 ita
574 503 796 567 quisquam
821 500 935 548 bene
958 495 1166 546 subdusta
1189 499 1355 546 ratione
1368 498 1420 544 ad

387 582 520 627 vitam
551 578 648 630 fuit,

119 813 138 844 1
180 799 382 852 Nunquam
430 799 484 837 ita
524 795 715 850 qufflpeam

61 857 147 898 bene
170 855 352 909 subdufla
380 853 536 901 ratione]
569 855 613 892 In
646 851 715 891 hac

61 915 186 955 scena
204 912 428 963 exemplum
449 909 640 949 inducitur
650 907 716 946 ho-

63 970 235 1014 minum,
281 968 348 1019 qui
379 968 558 1004 virtutem
586 964 714 1004 taedio

65 1022 266 1070 deserunt,
294 1023 344 1062 ob
368 1031 611 1061 contemtum
634 1021 718 1061 eius

66 1081 170 1133 apud
191 1091 340 1126 omnm,
359 1076 722 1128 seculumquevitio-

66 1136 137 1177 stus
159 1138 302 1186 (Forte,
326 1133 487 1177 obzemu
503 1135 595 1178 eius,
626 1131 722 1185 quod

66 1194 168 1244 apud
195 1205 314 1231 omncs
331 1189 504 1241 scuerum
530 1188 592 1241 effi·
610 1190 723 1228 vitio-

57 1249 146 1301 sum
154 1245 247 1299 fin).
287 1249 333 1288 Et
351 1245 451 1286 adeo
462 1244 720 1286 sauet'reren-

70 1306 144 1344 tius
171 1302 479 1343 clementioribus
514 1314 558 1340 ac
583 1300 725 1339 mitissi·

69 1361 140 1400 mis
161 1359 351 1411 patribus-,
380 1370 418 1397 vt
442 1357 547 1396 hunc
567 1367 725 1407 quoque

70 1415 234 1456 adducat
260 1414 307 1454 ad
335 1411 562 1452 sententiam
588 1413 726 1451 Micio-

72 1475 152 1519 nis,
194 1485 275 1510 non
303 1483 430 1509 tamen
463 1469 535 1508 hoc
563 1465 725 1507 sentien-

72 1538 171 1573 tem,
209 1525 315 1577 quod
350 1527 399 1564 im
420 1522 503 1564 fieri
530 1534 726 1573 oporteat:

72 1580 137 1622 sed
171 1581 277 1634 quod
306 1581 356 1619 ita
373 1593 433 1618 res
454 1591 576 1632 cogat.
633 1578 727 1618 Vult

73 1639 179 1679 e'rn'm
218 1637 433 1676 naturalem
470 1631 593 1675 inesse
626 1634 726 1672 veris

74 1693 242 1746 patribus
263 1693 533 1732 acrimoniam:
562 1689 624 1729 sed
642 1702 727 1728 eam

74 1749 224 1801 semper
244 1745 473 1788 inuidiosam
490 1744 569 1787 esse
589 1742 730 1785 adoles-

76 1805 263 1845 centibus.
319 1804 412 1843 Bene
449 1802 633 1854 subdubla
674 1815 731 1840 ra-

76 1860 191 1908 tione]
204 1863 312 1900 Bene
322 1857 508 1912 dispofita,
520 1859 731 1897 benecom-

78 1928 228 1969 putataz
257 1917 413 1962 Ducere,
433 1916 540 1954 enim
562 1913 615 1953 est
636 1913 737 1967 digi:

79 1974 125 2012 tis
144 1984 377 2023 computate.
410 1968 472 2011 sed
489 1970 635 2011 Ducere
654 1970 735 2020 (Je-

80 2029 207 2067 ducere
237 2025 320 2067 Mff.
349 2030 398 2068 H.
437 2037 477 2066 et
512 2028 551 2066 B.
609 2027 734 2071 Forte,

80 2085 272 2133 adducere)
289 2082 342 2122 est
361 2083 466 2134 apud
485 2083 601 2122 alium
620 2094 659 2121 et
676 2094 736 2130 pa-

81 2141 178 2179 lam:
211 2139 423 2187 Subducere,
444 2137 544 2190 apud
565 2134 736 2188 seipsum

82 2207 122 2234 et
156 2192 312 2235 secreto.
345 2208 424 2246 quo
450 2194 572 2247 magis
597 2194 636 2231 in
656 2206 735 2232 vei·-

82 2252 134 2290 bo
164 2251 232 2290 isto
255 2252 410 2290 maioris
446 2249 670 2289 attentionis
700 2260 738 2287 et

86 2307 314 2358 diligentiae
329 2307 477 2360 {ignum
500 2304 565 2344 est.
623 2307 672 2344 D.

138 2363 342 2415 Nunquam
371 2365 426 2402 ita
457 2360 644 2414 quisquam
664 2372 739 2397 tam

85 2418 171 2457 bene
187 2418 370 2470 subdut‘la
389 2421 534 2456 ratione
560 2416 610 2455 ad
624 2417 741 2454 vitam

76 2476 182 2527 fuit]
216 2474 365 2513 Demea
388 2486 474 2512 cum
503 2471 742 2511 animaduer-

89 2528 188 2574 t'tss'et
215 2542 340 2569 mores
365 2527 450 2567 suos
476 2526 644 2566 castitate
678 2527 744 2564 du-

89 2600 167 2634 ros,
214 2586 437 2633 integritate
458 2582 741 2622 ·int01e1·and‹=s

91 2643 242 2682 laudern
264 2655 345 2680 non
364 2640 517 2686 mereri,
547 2636 744 2679 consuetu-

1299 651 1421 703 Quin

765 793 900 836 dinem
929 804 1072 841 mutat3
1110 792 1184 832 hoc
1215 791 1347 831 dossus
1375 792 1427 830 de

750 850 803 891 ·se
828 849 958 890 facere
984 858 1210 901 propterea,
1242 850 1426 899 quoniam

768 908 862 946 haec
894 907 996 959 apud
1017 905 1196 945 homines
1225 902 1427 943 consuetu·

767 964 816 1003 do
841 962 906 1003 est.
962 961 1025 1003 Est
1057 974 1152 1015 ergo
1175 960 1263 999 huic
1280 962 1428 1001 Scenae

770 1020 945 1072 qualitas,
965 1024 1028 1058 An
1051 1018 1147 1057 iuste
1167 1016 1293 1067 faciat,
1321 1015 1426 1067 quod

769 1087 892 1115 mutet
922 1070 1279 1115 consuetudinem?
1319 1073 1429 1112 Sum-

771 1134 815 1171 tis
825 1143 950 1170 autem
965 1128 1302 1170 consuetudinibus
1320 1128 1430 1165 ratio-

771 1189 830 1226 nis
859 1186 1155 1238 (conficctudinis
1189 1184 1431 1234 illim-gratio-

771 1242 880 1283 nibus
907 1245 986 1295 Z),
1027 1243 1132 1293 quod
1164 1254 1283 1280 nemo
1310 1239 1432 1278 homi-

771 1313 865 1340 num
884 1300 933 1337 ita
957 1296 1131 1337 subdussa
1143 1299 1292 1336 ratione
1303 1295 1431 1334 etcol-

773 1357 866 1395 lec-“tn
886 1356 999 1399 vixit,
1030 1365 1068 1392 vt
1092 1366 1173 1391 non
1199 1351 1342 1403 aliquid
1366 1362 1433 1389 aut

775 1409 836 1450 sua
867 1423 909 1448 re
937 1420 1002 1448 aut
1026 1421 1152 1448 aetate
1193 1418 1431 1454 muneretur,

776 1469 866 1505 licet
895 1478 1000 1504 nunc
1026 1464 1094 1503 {ibi
1124 1464 1309 1504 vtcndum
1339 1465 1432 1516 (mu—

776 1523 913 1562 tauerit
927 1552 936 1567 ,
970 1520 1102 1574 colltgit
1123 1521 1242 1558 eadem
1259 1516 1435 1568 nuucfibi

775 1577 839 1628 effe
867 1577 1052 1615 vtendmn.
1093 1579 1164 1627 Z).
1230 1574 1435 1625 Siquidem

778 1636 819 1672 in
841 1630 1048 1680 senesiam,
1079 1633 1152 1669 inm
1174 1629 1332 1669 decurso
1358 1627 1438 1681 spa-

779 1691 846 1737 tio,
879 1688 1038 1727 dimittit
1056 1689 1167 1726 vitam
1191 1687 1438 1738 praeteritam

780 1757 1005 1796 propterea,
1047 1745 1139 1794 quia
1171 1743 1271 1782 nihil
1298 1742 1438 1780 melius

781 1801 987 1841 clementia
1016 1810 1056 1839 et
1075 1798 1261 1838 facilitate
1282 1796 1358 1838 esse
1377 1810 1440 1834 oo·

784 1858 935 1907 qnouit.
1004 1856 1166 1906 Quippe
1203 1868 1287 1894 cum
1323 1853 1439 1892 stater

782 1915 903 1954 Micio
928 1912 1068 1950 vixerit
1099 1911 1211 1949 vitam
1243 1912 1282 1949 in
1306 1910 1441 1947 conui-

783 1971 876 2017 uiis,
922 1967 969 2006 ab
1008 1966 1189 2006 omnibus
1219 1966 1441 2005 laudat-etur

783 2024 997 2078 (laudetur,
1029 2037 1063 2062 et
1091 2025 1151 2073 Ζ.)
1183 2023 1355 2060 omnium
1385 2019 1443 2058 [τι.

785 2094 888 2120 mam
941 2079 1073 2118 iustam
1123 2078 1441 2130 honestatemque

784 2146 989 2176 mereatur.
1052 2135 1196 2175 Contra
1220 2133 1279 2170 hic
1290 2133 1437 2182 sticum,

788 2192 922 2243 trrflis,
951 2189 1112 2245 agrestis,
1142 2202 1286 2237 parcus,
1319 2200 1443 2226 trucu-

788 2250 901 2287 temus
919 2258 957 2284 et
975 2260 1087 2283 tenax
1105 2242 1182 2283 efl'e
1203 2244 1365 2290 dicatur,
1391 2244 1445 2281 la-

788 2304 924 2342 borem
955 2299 1178 2352 susceperit,
1221 2313 1256 2338 vt
1285 2312 1454 2339 vxor-em*

790 2359 966 2404 duceret,
994 2357 1184 2395 domuerit
1208 2356 1366 2402 liberos,
1395 2356 1446 2394 la·

791 2415 983 2453 borauerit
1002 2417 1178 2463 primum,
1211 2423 1248 2450 vt
1264 2412 1447 2463 patrimo·

792 2472 900 2509 nium
927 2481 1126 2520 quaereret
1154 2467 1275 2518 (adde
1300 2481 1335 2506 er
1364 2469 1442 2517 2.),

793 2536 956 2564 aetatem
968 2535 1119 2563 tereret.
1158 2523 1333 2565 Efficitut·
1345 2521 1447 2573 quali

794 2582 938 2631 duplex
959 2581 1032 2617 vita
1057 2591 1096 2619 et
1117 2580 1367 2629 comparatio,
1398 2579 1449 2616 ita

796 2649 829 2675 it
853 2636 1026 2675 lauth-tur
1046 2650 1128 2682 vna,
1153 2637 1389 2687 vituperetur
1401 2634 1451 2671 al-

907 2693 950 2730 M
986 2704 1007 2742 ς
1349 2702 1451 2736 tt·1·a;
