1859 3196
631 224 936 272 HECYRA.

1354 237 1378 284 3
1389 236 1453 286 7-34
1491 246 1495 250 '

202 363 482 421 Puerumque
505 353 562 403 ob
592 370 688 402 eam
710 370 808 402 rem
830 353 941 400 clam
951 350 1108 404 voluit,
1132 358 1259 398 natus
1283 352 1359 415 qui
1375 349 1446 406 est,

306 435 578 493 extinguere.

201 506 306 561 ΒΛ.
344 508 480 555 Aliud
510 506 540 554 fi
561 507 734 560 scirem,
767 505 845 569 qui
868 501 1043 570 firmare
1065 519 1208 551 meam
1229 503 1347 569 apud
1367 518 1445 552 vos

302 581 472 649 possem
496 581 642 635 fidem,

201 663 286 708 San
293 658 403 707 flius
417 676 548 723 quam
560 656 746 705 iufiuran
753 656 871 711 dum,
882 655 928 702 id
937 651 1168 721 pollicerer
1179 654 1273 708 tibi,
1284 655 1444 709 Lache,

104 754 169 802 25
198 739 278 783 Me
311 736 585 797 segregatum
619 730 839 800 habuisse,
873 746 1054 780 vxorem
1076 741 1124 781 vt
1145 731 1291 784 duxit,
1324 747 1347 777 a
1370 747 1442 778 me

302 811 597 877 Pamphilum.

204 885 310 935 LA.
349 886 519 951 Lepida
547 901 615 932 es:
655 884 726 932 sed
760 879 860 932 scin'
896 883 1002 949 quid
1023 883 1127 933 volo
1149 884 1299 950 potius

1320 881 1441 929 sodes

120 1022 123 1024 v
303 962 464 1010 facias?
493 959 532 1008 B
547 974 594 1006 A.
632 961 738 1024 quid
761 962 861 1008 vis?
902 960 1026 1008 cedo.

203 1037 313 1089 LA.
354 1041 435 1085 Eas
462 1036 514 1083 ad
544 1035 750 1084 mulieres
770 1036 858 1084 huc
877 1037 1010 1100 intro,
1035 1047 1165 1103 atque
1186 1024 1441 1104 istuc'iufiu-

303 1113 492 1161 randum
525 1111 646 1160 idem

127 1349 182 1382 22
213 1338 446 1390 Puerumque
465 1333 510 1374 ob
536 1347 616 1374 eam
636 1332 732 1388 rem]

71 1397 158 1437 Hoc
175 1394 222 1433 fic
241 1394 471 1446 pronunciat
483 1390 612 1440 senex,
633 1390 732 1442 quali

72 1453 144 1503 qui
163 1451 290 1500 dicat,
316 1449 406 1487 Ecce
433 1460 589 1501 quarum
608 1459 733 1485 rerum

71 1520 115 1547 tu
145 1506 276 1556 causta!
331 1509 381 1546 Et
409 1503 506 1543 haec
535 1503 653 1541 oratio
681 1501 734 1541 de

70 1563 118 1602 iis
136 1562 207 1610 est,
235 1560 375 1613 quibus
404 1558 639 1601 ostendimus
657 1569 732 1597 nos

71 1615 184 1671 posse
225 1617 393 1672 grauiter
426 1611 623 1662 accusare,
667 1611 732 1652 sed

69 1675 190 1716 nolle.
244 1677 294 1714 D.

126 1742 179 1784 23
210 1727 378 1779 Aliudfi
390 1725 546 1778 scirem,
579 1726 644 1779 qui
659 1725 729 1779 fir-

69 1795 188 1836 mare]
219 1786 338 1832 Mire,
366 1783 459 1822 dum
483 1783 632 1835 quaerit
651 1795 728 1833 quo

69 1843 197 1884 firmet
215 1840 354 1889 fidem,
382 1838 500 1879 fidem
518 1838 584 1878 fibi
604 1838 730 1889 acqui-

69 1899 158 1940 fiuit
200 1908 318 1949 atque
362 1893 563 1947 adscripfit.
617 1893 731 1948 Apud

70 1969 140 1994 vos
167 1954 298 2008 poffim
321 1950 452 2006 fidem]
494 1953 602 1991 Bene
631 1951 730 1990 Vos.-

69 2011 165 2064 quia
181 2022 219 2049 et
238 2011 312 2050 Hic
332 2008 436 2057 dicit,
456 2018 494 2046 et
504 2008 649 2047 socrus.
679 2009 728 2046 D.

124 2069 249 2120 Lege,
287 2062 397 2104 versu
430 2061 513 2116 ipso
548 2061 729 2112 iubente,

69 2122 162 2164 Alid
178 2123 218 2174 fi
219 2122 366 2173 scirem.
421 2123 463 2161 B.

124 2190 180 2228 24
207 2178 376 2217 sanetius
411 2190 520 2229 quam
542 2172 727 2227 *infixeran-

72 2233 180 2286 dum]
226 2235 334 2272 Bene
366 2231 459 2271 dum
493 2230 605 2278 aliud
635 2231 728 2282 agit,

71 2291 190 2330 etiam
226 2286 428 2340 personam
469 2285 726 2325 commendat.

69 2348 173 2386 Nam
193 2357 274 2382 non
296 2343 350 2382 est
366 2344 486 2390 leuis,
514 2353 613 2393 qnae
632 2342 727 2378 iure-

70 2400 238 2442 iurando
286 2398 382 2438 nihil
432 2396 590 2437 sanitius
630 2393 727 2435 sciat.

69 2457 255 2499 sanatus]
287 2455 460 2495 Firmius.
517 2453 568 2492 D.

127 2526 182 2566 25
212 2512 280 2550 Me
291 2509 529 2565 segregatum
551 2506 725 2559 haburjlfi]

70 2570 182 2609 Bono
203 2566 418 2619 fignificaru
446 2563 503 2603 vsa
520 2564 592 2603 est:
625 2563 726 2613 quast

72 2623 150 2677 ipsa
166 2623 262 2663 haee
281 2622 426 2662 feeerit.
481 2624 526 2660 Et
544 2619 648 2658 bene
667 2618 728 2657 Se-

70 2693 290 2735 gregatum:
333 2691 412 2717 non
451 2677 559 2715 enim
599 2677 727 2714 dilun-

73 2737 166 2777 &um
206 2746 272 2776 aut
304 2734 536 2788 repudiatum
571 2731 728 2784 proprie

1339 1185 1443 1234 Pol-

783 1333 932 1374 diceret
948 1332 1027 1387 (Cf.
1046 1335 1192 1373 Donat.
1213 1329 1315 1372 infra
1333 1343 1371 1378 v,
1401 1342 1440 1378 2,-

783 1393 882 1443 30.).
945 1391 1109 1430 onrem
1148 1402 1191 1427 vt
1222 1387 1350 1440 duxit]
1394 1387 1441 1426 Vt

782 1445 1011 1485 aduerbium
1040 1445 1094 1484 est
1127 1443 1337 1496 temporis,
1367 1453 1442 1494 pro

781 1502 844 1541 Ex
867 1515 950 1555 quo.
1010 1505 1061 1543 D.

837 1560 898 1598 Ne
923 1557 1113 1596 Iambicus
1141 1555 1186 1595 fit
1214 1556 1318 1595 inter
1343 1557 1441 1595 Tro·

782 1613 943 1661 chaicos,
959 1614 1050 1651 tolle
1061 1612 1155 1651 illud
1169 1613 1276 1664 prius
1289 1613 1364 1651 Me.
1395 1612 1439 1649 B,

837 1673 890 1712 26
923 1669 1062 1722 Lepida
1096 1672 1146 1720 es]
1191 1670 1320 1708 Senex
1350 1678 1438 1704 cum

778 1726 983 1765 meretrice
1010 1725 1200 1775 loquens,
1238 1736 1286 1762 eo
1312 1723 1438 1774 potius

779 1781 1132 1821 nomine—laudauit
1151 1793 1248 1827 eam,
1269 1792 1347 1830 quo
1359 1790 1438 1817 me-

778 1838 934 1878 retrices
960 1834 1085 1877 solent
1116 1835 1287 1886 laudari,
1321 1847 1440 1886 quam

779 1892 1200 1946 quo-matresfamilias.
1240 1890 1290 1930 fic
1315 1900 1356 1929 et
1382 1887 1440 1928 su-

778 1965 857 2003 pra,
875 1962 995 2001 quum
1015 1948 1189 2001 inscitum
1211 1944 1249 1986 se
1276 1946 1438 1994 diceret,

780 2007 970 2046 rationem
1007 2005 1162 2052 habuit,
1203 2015 1303 2054 quae
1341 1998 1437 2041 effer

780 2076 868 2102 curn
890 2076 964 2113 qua
982 2061 1217 2113 loqueretur.
1261 2056 1437 2108 Sedfiin'

777 2119 868 2173 quid
893 2119 977 2158 volo
1003 2119 1142 2171 potius]
1168 2116 1272 2155 Hine
1293 2113 1437 2153 delibe-

779 2176 900 2214 ratina
935 2174 1082 2226 incipit.
1140 2170 1269 2218 Sedes]
1303 2171 1343 2210 Si
1371 2181 1436 2208 au·

780 2231 861 2274 des,
883 2229 907 2269 fi
929 2231 998 2269 vis.
1054 2232 1102 2270 D.

834 2285 936 2324 Illud
969 2285 1031 2323 Vis
1060 2296 1148 2322 cum
1177 2292 1217 2322 et
1242 2278 1365 2320 versui
1395 2290 1436 2320 et

776 2339 899 2380 sensui
935 2339 1110 2391 superfit,
1137 2337 1238 2377 reRe
1259 2340 1435 2377 Muretus

779 2395 995 2435 delendum
1009 2393 1086 2434 effe
1105 2392 1338 2433 existimauit.
1363 2397 1402 2433 Β.

833 2463 887 2503 27
917 2451 990 2490 Eas
1016 2451 1066 2489 ad
1095 2450 1261 2488 mulieres
1288 2449 1357 2487 huc
1379 2451 1432 2488 in-

776 2507 856 2554 tro]
896 2509 986 2546 Non
1013 2506 1110 2545 dixit
1137 2505 1186 2544 ad
1213 2505 1364 2556 chrum
1394 2516 1433 2544 et

777 2562 823 2603 ad
852 2576 1024 2611 uxorem,
1062 2560 1245 2600 terribilia
1275 2562 1435 2608 nomina,

777 2631 817 2658 et
837 2620 991 2658 inimica
1010 2617 1222 2657 meren-ici:
1251 2615 1313 2657 sed
1326 2618 1432 2669 qnod

775 2675 889 2715 facile
906 2674 970 2720 est,
986 2675 1044 2714 Ad
1058 2674 1231 2714 mtdjcrcs.
1290 2676 1350 2714 Sic
1368 2675 1434 2717 alif

777 2731 841 2781 bi,
867 2731 1013 2777 Mulier
1037 2730 1181 2777 nmlz'aessri
1208 2735 1327 2786 magis
1352 2742 1434 2772 cone

887 2791 956 2828 Aa
987 2800 1008 2839 3

1309 2787 1432 2840 Αφἰιιέ.
