1875 3244
635 142 933 192 ADELPH.

1356 152 1444 198 191

170 347 173 351 .
208 277 387 328 Lubens
410 278 524 326 bene
547 275 690 324 faxim.
727 269 821 320 Sv.
860 271 1041 334 gratiam
1064 265 1222 315 habeo.
1257 266 1360 316 De.
1391 277 1452 316 at.

310 355 412 420 qui,
450 356 574 415 Syre,

212 435 317 479 Hoc
338 423 557 486 verum⁷st‚
578 437 622 474 et
643 426 731 492 ipsa
749 440 797 472 te
817 423 1040 489 experiere
1063 419 1341 485 propediem.

217 535 482 632 Achs
543 570 839 634 QleTl
899 566 1158 620 scENA
1222 565 1319 619 vi.

533 664 715 706 GETA.
774 660 1005 701 DEMEA.

216 799 349 914 He
380 821 409 851 R
441 821 466 850 A
483 838 497 857 ‚
539 818 622 863 ego
647 801 735 847 huc
757 798 810 846 ad
831 798 914 845 hos
946 771 1152 862 Prouisd,
1193 811 1326 861 quarn
1348 811 1453 844 mox

455 880 673 939 virginem

223 953 463 1006 Arceffant.
499 953 570 1001 sed
593 968 744 999 eccum
767 956 994 999 Demeam.
1027 947 1165 995 saluos
1187 944 1282 994 fie‘s.

221 1032 330 1083 DE.
367 1034 425 1085 Ο,
445 1032 522 1095 qui
545 1029 732 1077 vocare?
772 1023 823 1074 G
838 1039 882 1076 Ε.
920 1027 1046 1074 Geta.
1082 1019 1130 1071 D
1145 1036 1189 1071 Ε.
1230 1024 1358 1078 Geta,
1377 1022 1459 1072 ho·

319 1109 486 1157 minem
509 1107 701 1154 maxumi

149 1312 177 1353 6
210 1307 262 1349 Et
274 1307 344 1349 tibi
358 1306 482 1349 lubens
501 1305 586 1348 bene
600 1304 749 1361 flixim]

93 1369 143 1408 Iit
163 1365 258 1405 Bene
275 1366 322 1406 ad
345 1379 459 1418 quam
469 1376 552 1404 rem
562 1363 754 1404 adieetum

88 1424 171 1463 'estz
203 1435 253 1461 an
279 1433 319 1461 et
348 1422 434 1461 bene
462 1422 482 1441 ·
509 1419 584 1460 hoc
605 1418 756 1459 addidit

94 1480 249 1531 (Forte,
278 1479 328 1517 Et
356 1477 443 1517 hene
468 1477 518 1517 ad
541 1489 650 1529 quam
679 1489 754 1513 rem

98 1547 229 1587 aptum
258 1534 324 1587 est,
361 1543 482 1574 BENE
520 1543 662 1572 FAxtm
690 1530 754 1570 ad·

95 1592 223 1641 didit).
283 1592 387 1640 Quis
407 1589 515 1629 enim
531 1586 660 1627 credar
678 1596 757 1625 tarn

96 1645 232 1686 subitis
269 1645 352 1696 post
383 1642 578 1684 saeuitiam
606 1641 758 1681 blandi-

97 1703 253 1750 mentis,
276 1700 344 1741 nifi
362 1699 468 1741 faffls
486 1711 645 1753 quoque
667 1711 756 1739 vera

95 1756 175 1798 efl'e
211 1757 484 1802 ostendantur?
521 1754 573 1795 Et
606 1757 678 1796 tibi
702 1754 758 1793 Iu-

98 1815 185 1854 bens
205 1813 453 1868 benefaxim]
484 1813 551 1861 Et,
581 1811 755 1851 additum

96 1870 187 1918 est,
245 1882 282 1909 vt
320 1869 495 1910 ostendat
532 1868 634 1907 hane
678 1864 756 1907 effe

100 1924 344 1974 sententiam,
365 1928 454 1966 Non
476 1922 597 1964 solum
620 1935 658 1964 te
679 1923 757 1962 lau·

101 1983 174 2029 do,
211 1979 276 2021 sed
305 1982 420 2022 etiam
440 1982 556 2022 iuuo:
590 1979 685 2019 illud
706 1979 757 2018 di-

101 2037 249 2086 cendo,
274 2036 349 2077 hoc
364 2036 560 2078 faciendo.
617 2038 669 2077 Et
689 2035 760 2075 tibi

102 2093 228 2136 lubens
255 2091 339 2133 bene
356 2094 508 2149 fluxim]
533 2088 666 2134 Potest*
684 2091 761 2131 hoc

103 2162 144 2191 et
163 2149 209 2189 fic
223 2150 403 2203 intelligi,
422 2151 517 2192 Bene
534 2148 760 2201 tibifitxim,

105 2220 140 2246 et
161 2205 296 2245 lubens.
319 2206 427 2246 multi
448 2207 554 2245 enim
565 2204 684 2253 bene,
695 2202 761 2244 sed

102 2275 187 2302 non
207 2275 256 2302 ex
272 2263 403 2302 animo
412 2261 572 2302 saclunt.
618 2261 762 2300 Omnia

103 2331 202 2370 ergo
237 2317 407 2365 addidit,
448 2329 552 2371 quae
575 2316 761 2369 placidum

103 2373 310 2413 ostendant
329 2371 461 2426 ipsum,
482 2385 598 2426 atque
615 2374 760 2414 clemen-

102 2443 188 2472 tem.
244 2431 363 2483 Atqui
395 2428 505 2484 Syre]
549 2431 672 2482 Atqui
701 2427 762 2467 ab·

106 2485 230 2525 undat
249 2499 320 2537 per
337 2492 509 2532 παᾳέλκσν.
566 2485 676 2540 Syre]
696 2482 763 2527 As-

104 2540 295 2582 {eueratio
341 2541 395 2581 est
441 2554 524 2582 non
569 2542 762 2582 credentis

103 2599 300 2653 (credenti.
329 2599 401 2647 Z.).
456 2601 506 2639 D.

161 2666 190 2709 7
218 2655 300 2697 Hoc
326 2667 449 2699 verum
468 2652 532 2709 est]
559 2652 677 2707 Quafi
695 2651 765 2695 fai-

1326 1175 1461 1224 Pretii

801 1303 883 1345 sum
914 1302 1035 1344 fuerit
1061 1301 1191 1350 iliud‚'
1215 1298 1320 1352 quod
1337 1300 1463 1352 iurga-

801 1362 888 1401 bat:
926 1373 964 1400 et
996 1362 1070 1399 hoc
1096 1358 1139 1398 fit
1169 1369 1315 1398 verum.
1355 1354 1461 1407 quod

804 1429 911 1457 nunc
930 1416 1032 1456 dicit.
1092 1412 1326 1467 propediem]
1359 1411 1462 1457 ὖφέν.

804 1477 903 1516 Nam
923 1473 1139 1524 Propedz'em
1159 1468 1386 1509 minerbium
1408 1465 1461 1507 est

805 1530 1013 1580 temporis:
1034 1540 1068 1565 vt
1080 1528 1103 1565 ii
1117 1526 1273 1567 diceret,
1290 1527 1387 1563 cito.
1409 1529 1462 1565 D.

860 1588 906 1626 ln
935 1583 1083 1636 vulgari
1111 1581 1359 1620 distineiione
1380 1592 1465 1618 ver-

806 1638 863 1680 sus
890 1640 975 1692 Ilfil
1001 1640 1167 1690 priorem
1190 1636 1366 1687 corripit:
1397 1633 1463 1674 sed

804 1696 968 1750 praestat
994 1697 1047 1734 ita
1064 1691 1188 1733 versus
1208 1692 1459 1744 distinguere,

804 1755 948 1807 Atqui,
976 1751 1085 1802 -Syre
1125 1748 1194 1788 hoc
1235 1748 1243 1804 Ι
1285 1747 1466 1800 Verum’ss

805 1821 878 1850 etc.
931 1810 972 1848 B.

861 1877 880 1907 1
910 1865 1025 1912 Hera,
1048 1876 1110 1918 ego
1132 1860 1206 1901 huc
1223 1860 1276 1903 ad
1299 1858 1365 1899 hos
1372 1871 1467 1912 pro-

804 1921 905 1975 uisb]
937 1921 998 1960 Ad
1014 1920 1099 1963 hos,
1127 1917 1174 1957 ad
1191 1917 1404 1958 Micionem
1425 1924 1467 1954 et

808 1975 1043 2020 Aeschinum
1091 1972 1241 2013 seilicet.
1301 1972 1465 2022 Proutfi’

809 2034 902 2074 duas
923 2046 983 2073 res
1003 2029 1210 2085 fignificat:
1242 2028 1412 2082 procedo
1429 2040 1469 2068 et

808 2091 937 2131 video.
995 2091 1043 2128 D.

860 2149 1019 2188 Memor
1043 2139 1230 2195 personae
1257 2138 1343 2179 suae
1361 2137 1470 2177 labo·

809 2213 866 2242 rat
882 2202 997 2241 iidem
1018 2198 1171 2244 facere,
1200 2206 1240 2234 vt
1258 2195 1365 2234 credi
1385 2190 1472 2247 pos-

809 2258 864 2305 sit,
890 2270 1006 2308 quam
1028 2255 1154 2293 bonus
1173 2250 1229 2290 fit.
1284 2253 1330 2292 Ε.

864 2313 980 2356 Βεξὶρ
1007 2309 1141 2350 Bemb.
1181 2317 1221 2346 et
1247 2306 1325 2346 duo
1350 2304 1470 2346 nostri

811 2367 1001 2411 veterrimi
1014 2366 1098 2405 Huc
1118 2375 1186 2416 pto
1197 2363 1343 2416 vulgari
1355 2362 1469 2402 Hinc.

811 2429 1019 2469 Caeterum
1051 2421 1169 2460 nostri
1203 2418 1351 2459 habent
1377 2420 1470 2460 Pro·

811 2484 951 2536 uifiam:
980 2478 1097 2517 etiam
1122 2476 1235 2515 reste.
1293 2477 1334 2516 B.

868 2552 893 2580 2
913 2535 984 2577 Sed
995 2534 1128 2587 eccum]
1140 2535 1226 2572 Hoc
1237 2530 1340 2583 apud
1354 2527 1395 2570 se.
1422 2532 1471 2569 D.

869 2608 891 2644 ς
927 2592 978 2632 0!
1009 2595 1072 2643 qut
1093 2587 1277 2642 vocare3]
1307 2590 1388 2627 Hae
1412 2588 1473 2624 in*

815 2650 1043 2694 teriessione
1063 2647 1225 2696 nitimur,
1256 2642 1319 2684 vbi
1348 2655 1397 2683 ex
1417 2647 1471 2680 in-

1400 2707 1473 2740 ter-
