1859 3196
654 201 954 254 HECYRA.·

1372 198 1461 259 361

130 335 200 393 60
237 342 382 392 Erras,
407 338 474 386 tui
497 338 630 386 animi
649 334 678 382 fi
700 352 771 401 me
790 331 872 381 ess‘e
893 335 1098 394 ignarum
1117 336 1259 393 putas.

233 414 486 479 Aliquando
509 413 684 460 tandem
705 412 793 458 huc
814 411 1010 457 animum
1031 416 1078 454 vt
1101 404 1307 463 adiungas
1328 410 1470 451 tuum,

237 497 385 547 Quam
411 491 598 551 longum
629 489 814 553 spatium
834 483 1007 532 amandi
1031 482 1212 528 amicam
1236 477 1316 525 tibi
1338 474 1471 522 dedi?

235 572 431 619 SumtuS‚
455 582 566 628 quos
580 562 713 611 fecisti
732 564 778 608 in
791 577 900 613 eam,
911 575 1042 624 quam
1055 559 1200 603 animo
1214 544 1355 616 aequo
1363 549 1476 599 tuli?

238 645 325 704 Egi
348 653 476 704 atque
498 641 621 688 oraui
642 651 802 690 tecum,

823 652 1002 685 vxorem
1022 644 1068 681 vt
1090 632 1296 678 duceres:

143 718 208 783 ὅς
244 724 450 782 Tempus
474 715 561 762 dixi
591 711 696 761 esse:
732 711 922 778 impulsu
946 708 1100 757 duxisti
1119 722 1236 754 meo.

244 798 372 849 Quae
395 804 504 845 tum,
529 790 754 838 obsecutus
776 788 900 840 mihi,
922 783 1056 832 fecisti
1079 795 1124 831 vt
1147 785 1365 829 decuerat.

245 873 385 917 Nunc
399 870 595 914 animum
608 865 778 912 rursum
790 864 844 910 ad
854 844 1128 910 meretricem
1141 858 1311 905 induxti
1331 866 1482 910 tuum·‚

245 946 329 993 Cui
348 955 397 990 tu
421 942 664 994 obsecutus,
685 941 786 988 facis
811 940 914 986 huic
935 936 1042 983 adeo
1063 936 1294 982 iniuriamt

243 1024 367 1069 Nam
387 1020 433 1067 in
458 1017 644 1065 eandem
664 1018 803 1065 vitam
827 1025 869 1062 te
889 1012 1145 1062 reuolutum
1165 1009 1313 1057 denuo

114 1212 174 1243 tus
200 1199 249 1241 ad
277 1197 513 1247 tenendum,
543 1207 635 1237 ante
660 1209 780 1249 quam

115 1259 229 1312 poffit
274 1256 448 1309 reperire
489 1253 594 1306 quod
632 1264 778 1301 teneat,

116 1314 262 1361 statim,
294 1312 403 1365 quod
435 1310 664 1358 occurrerit,
694 1323 782 1362 pre-

119 1369 270 1410 hendit.
327 1371 377 1409 D.

177 1429 227 1468 61
270 1417 484 1477 Aliquando
527 1422 677 1462 tandem
714 1421 784 1461 huc

126 1485 289 1523 animum
336 1493 378 1518 vt
425 1480 608 1533 adiungas
662 1478 785 1531 tuum]

125 1540 231 1581 Mire
252 1536 305 1577 est
326 1535 513 1587 temporis
531 1535 702 1574 iuuessio
715 1536 789 1584 (in-

129 1593 275 1645 uerfio).
331 1594 378 1632 Et
413 1590 612 1644 aliquando
643 1591 792 1630 tandem

130 1664 175 1689 vt
194 1650 384 1703 adiungas,
401 1646 508 1687 deest
523 1647 612 1697 fitct
636 1644 698 1685 sed
713 1647 795 1697 ple·

131 1719 228 1747 num
249 1704 576 1757 pronunciatione
595 1701 658 1740 est.
688 1703 740 1743 D.

189 1762 274 1801 Huc
311 1762 473 1799 animum
511 1771 554 1798 vt
587 1756 793 1813 adiungas]

136 1820 242 1860 Vett.
263 1827 303 1856 et
321 1821 416 1870 Reg.
436 1815 608 1867 exempl.
626 1828 670 1855 vt
686 1813 798 1855 addu-

140 1888 210 1914 cas.
268 1876 307 1914 L.

191 1933 262 1970 Pro
283 1929 479 1982 Adiungas
509 1939 647 1966 ornnes
680 1925 799 1966 nostri

137 1985 285 2027 habent
301 1986 488 2025 Adducas:
519 1995 559 2023 vt
578 1983 679 2023 infra
698 1997 739 2030 V,
761 1995 800 2037 3,

140 2055 162 2096 3
197 2100 250 2140 62
287 2097 411 2152 Qcam
438 2095 586 2149 longum
613 2093 801 2150 spatium]

144 2152 208 2196 Ab
229 2166 320 2192 ante
343 2154 443 2193 aeiis.
500 2155 546 2192 D.

202 2212 253 2260 63
296 2209 464 2254 Sumtus,
503 2220 592 2260 quos
609 2206 734 2259 fecisti
766 2209 806 2245 in

148 2265 243 2318 eam]
276 2266 389 2304 Recte
406 2263 480 2303 hoc
498 2264 612 2302 dixit:
634 2264 723 2314 quia
741 2265 807 2300 im-

151 2321 382 2373 petrabilior
418 2316 496 2357 esse
530 2318 648 2356 debet
676 2317 808 2356 indul-

152 2377 388 2430 genriffimus
409 2386 528 2426 pater.
549 2372 696 2419 vtalibi,
717 2374 809 2412 Tum

149 2434 272 2487 patris
292 2433 435 2484 pudor,
463 2433 524 2482 qui
551 2443 605 2467 me
637 2442 713 2468 tam
740 2428 811 2467 leni

149 2488 268 2542 paffics
298 2487 343 2539 est
375 2489 493 2525 animo
528 2484 640 2538 ²filu⁰
677 2484 806 2532 adhuc,

154 2545 261 2597 Quae
291 2557 369 2583 meo
399 2554 546 2594 cumque
578 2544 699 2581 animo
735 2539 813 2579 libi-

160 2615 236 2640 mm
259 2599 303 2651 est
315 2600 470 2652 facere:
499 2602 572 2635 eme
597 2611 664 2652 ego
687 2609 731 2636 vt
754 2597 818 2636 ad-

159 2656 316 2708 uorfir'!
372 2658 419 2695 D.

214 2717 275 2767 64
304 2712 377 2768 Egi
409 2722 517 2762 atque
544 2708 674 2763 oraui]
712 2709 819 2765 Agit,

1421 1100 1486 1145 70

830 1196 898 1249 qui
931 1192 1065 1235 iustam
1100 1204 1184 1232 rem
1222 1187 1334 1228 dicit:
1377 1188 1489 1235 Orat,

831 1254 899 1305 qui
938 1251 1069 1291 animo
1108 1243 1269 1287 demifl'o
1300 1255 1490 1297 precatur,

831 1320 869 1348 vt
897 1306 999 1360 quafi
1020 1303 1259 1346 beneficium
1283 1300 1496 1354 praestetur

832 1365 913 1404 fibi.
969 1366 1019 1404 D.

890 1423 943 1472 65
983 1419 1137 1470 Tempus
1164 1415 1247 1455 dixi
1280 1412 1367 1465 esse}
1394 1412 1498 1452 Tem-

832 1485 923 1530 pus:
955 1475 1047 1526 quia
1076 1474 1141 1513 diu
1167 1472 1414 1520 multumque
1443 1465 1502 1506 su.

839 1531 982 1571 stinuit.
1037 1526 1205 1581 Impulfia
1230 1524 1368 1576 duxisti
1402 1522 1501 1576 meo]

839 1589 1014 1631 Multum
1050 1587 1150 1625 valet
1187 1583 1234 1622 ad
1262 1580 1502 1621 suadendum

841 1643 1008 1684 laudatio
1029 1642 1124 1688 eius,
1160 1637 1264 1692 apud
1285 1649 1403 1689 quem
1424 1636 1504 1688 agi-

843 1713 952 1739 mus:
985 1708 1023 1738 et
1049 1710 1099 1736 ex
1127 1709 1174 1735 ea
1194 1705 1302 1747 parte
1322 1692 1504 1740 laudatio,

846 1770 922 1809 qua
940 1755 1051 1794 illum
1074 1753 1249 1793 volumus
1270 1749 1425 1789 infleffl.
1454 1750 1504 1788 D.

902 1814 956 1856 66
987 1810 1092 1864 Qae
1113 1821 1203 1854 tum,
1238 1806 1422 1858 obsecutus
1442 1805 1510 1843 mi-

848 1869 908 1918 hi,
925 1867 1051 1920 fecisti
1086 1879 1129 1905 vt
1163 1863 1355 1916 decuerat]
1386 1860 1508 1906 Ordo,

850 1928 969 1976 Quae
991 1921 1111 1963 fecisti
1131 1933 1215 1961 tum
1227 1915 1425 1958 obsecutus
1441 1917 1512 1955 mi-

850 1982 904 2029 hi,
925 1991 964 2019 vt
981 1979 1177 2019 decuerat.
1237 1978 1347 2030 Quae
1357 1971 1512 2012 tumob-

842 2038 991 2090 secutus
1009 2034 1123 2079 mihi,
1142 2032 1290 2086 fictsti]
1322 2029 1513 2070 quenili·

855 2105 914 2133 ter
933 2091 1038 2138 satis3
1062 2091 1154 2142 quia
1172 2093 1256 2128 'non
1277 2086 1382 2134 dixit,
1410 2084 1519 2127 Mut-

856 2161 936 2190 tum
957 2160 1100 2188 amans.
1158 2148 1208 2186 D.
1528 2173 1532 2177 .

911 2209 966 2257 67
999 2205 1113 2243 Nunc
1132 2203 1296 2240 animum
1310 2195 1455 2248 rursiam
1466 2193 1518 2234 ad

858 2260 1101 2312 meretricem]
1146 2259 1232 2296 Hoc
1269 2249 1454 2299 vultuose,
1477 2261 1531 2304 et:-¹

859 2315 1019 2357 demisso
1042 2314 1167 2354 labro:
1198 2323 1236 2350 vt
1256 2319 1438 2362 appareat
1460 2308 1521 2345 iu-

859 2375 987 2411 uitum
1008 2370 1146 2410 adduci
1165 2368 1211 2406 ad
1224 2363 1522 2417 reprehenden-

861 2429 965 2474 dum,
977 2427 1042 2478 qui
1058 2423 1272 2464 laudauerit
1282 2421 1412 2460 modo.
1441 2421 1490 2460 D.

918 2486 969 2533 68
1004 2483 1076 2522 Cui
1095 2494 1135 2519 tu
1155 2478 1354 2530 obstemus]
1385 2478 1421 2515 Ο
1441 2472 1520 2527 (Ob

865 2538 946 2581 Mfl'
981 2550 1020 2578 et
1047 2536 1147 2579 Edd.
1174 2536 1284 2586 vett.)
1310 2531 1526 2572 meretricis

867 2594 1082 2648 superbiam
1095 2605 1174 2631 non
1194 2589 1410 2630 ferendam.
1456 2587 1529 2627 Fa·

869 2656 919 2693 cit
941 2652 1040 2694 huic]
1067 2648 1223 2688 scilicet
1242 2645 1362 2687 vxori.
1420 2645 1472 2683 D.

922 2712 976 2762 69
1017 2706 1118 2746 Nam
1146 2707 1184 2744 in
1214 2704 1361 2743 eandem
1389 2698 1530 2753 uitam]

1003 2767 1034 2805 Z
1062 2775 1085 2816 ς
1445 2757 1531 2794 Par-
