1875 3292
434 211 529 273 176

821 199 981 248 AcT.
1015 200 1070 246 v.
1113 198 1305 245 scEN.
1341 175 1416 245 111.

568 331 761 393 Quando
784 346 869 392 ego
890 338 1017 376 tuum
1040 343 1134 374 non
1159 342 1280 378 curo,
1302 341 1359 372 ne
1380 341 1483 372 cura
1504 339 1671 372 meum.

565 412 670 462 Ml.
707 412 819 456 Non
853 419 1042 468 aequum
1076 402 1196 449 dicis.
1242 398 1349 448 DE.
1387 399 1514 448 non?
1559 397 1660 448 Ml.
1694 417 1797 449 nam

666 494 790 534 vetus
811 480 997 530 verbum
1017 478 1103 525 hoc
1128 470 1369 540 quidem’st,

569 560 835 612 Communia
861 552 942 603 esse
964 555 1207 601 amicorum
1229 553 1344 598 inter
1362 549 1404 598 se
1423 554 1587 600 omnia.

566 637 675 687 DE.
720 638 896 682 Facete:
928 646 1049 677 nunc
1082 628 1263 675 demum
1292 625 1417 674 istaec
1446 639 1545 676 nata
1565 629 1704 676 oratio
1723 624 1799 676 est.

427 740 434 744 ·
471 735 536 769 20
567 710 666 761 Μι.
701 709 903 758 Ausculta
922 706 1086 772 paucis,
1107 702 1184 750 nifi
1209 700 1439 750 molestum
1460 702 1534 757 est,
1557 708 1748 752 Demea:

569 789 806 854 Principio,
823 783 853 831 fi
875 782 920 831 id
941 792 984 830 te
1000 779 1188 834 mordet,
1211 778 1402 827 sumtum
1423 776 1502 826 filii

493 1025 545 1068 17
572 1008 683 1066 Non]
721 1004 981 1053 confidenter
1001 1004 1095 1046 Non

437 1072 637 1126 repetiuit,
653 1066 892 1108 nonhabens
905 1061 1095 1104 rationem

438 1142 554 1182 quam
580 1121 811 1177 subiiceret„
835 1120 904 1161 nisi
931 1121 987 1160 illi
1011 1133 1097 1172 pro-

437 1185 622 1224 uerbium
656 1177 816 1220 veniflet
846 1178 887 1216 in
907 1188 1095 1216 mentem.

435 1238 536 1283 Nam
567 1237 657 1291 quia
683 1233 722 1275 se
752 1234 858 1274 videt
883 1235 924 1272 in
954 1233 1095 1272 malam

437 1293 590 1336 causam
607 1289 793 1340 incidisse,
825 1297 948 1329 totum
970 1284 1096 1327 verni-

437 1355 528 1394 liter
545 1361 587 1391 et
604 1349 732 1390 facete
749 1346 850 1402 agit:
880 1355 920 1385 et
946 1341 1096 1383 subiicit

437 1409 701 1461 aequitatem,
736 1403 798 1443 vbi
826 1401 923 1442 iusto
943 1396 981 1440 se
997 1398 1096 1440 tueri

440 1480 524 1505 non
561 1461 698 1517 potest.
757 1458 877 1511 Quod
915 1466 1047 1496 tamen
1075 1469 1097 1494 a

436 1525 590 1565 Demea
606 1520 730 1571 statim
749 1514 1015 1562 conuincitur,
1043 1508 1099 1551 di-

439 1578 583 1624 cendo,
605 1574 717 1616 Nunc
734 1573 872 1613 demum
891 1569 997 1622 istaec
1016 1583 1099 1608 ora-

439 1638 494 1676 tio
514 1646 614 1672 nata.
643 1642 681 1669 vt
702 1628 875 1668 ostendat
893 1627 1002 1664 illum
1013 1637 1098 1676 per—

439 1689 637 1728 turbatum
674 1685 863 1724 contraria
900 1676 1098 1732 p1·otuliffe

439 1746 546 1785 dietis
567 1740 639 1782 suis
659 1737 935 1792 superioribus.
993 1735 1044 1774 D.

497 1802 591 1840 Non
615 1810 769 1850 aequum
789 1793 895 1841 dicis]
915 1792 1023 1835 Licet
1033 1789 1099 1829 de·

441 1857 618 1898 finitiuus
639 1853 832 1906 colligitur
842 1849 970 1895 status,
992 1860 1101 1900 argu-

441 1923 621 1954 mentum
639 1909 846 1961 Qualitatis
866 1904 930 1955 est,
953 1902 1100 1943 causam

441 1984 527 2011 non
547 1964 635 2014 esse,
655 1968 763 2005 iuxta
783 1963 896 2011 haec,
928 1971 1028 2012 quae
1055 1960 1099 1998 in

440 2027 553 2080 paflo
573 2024 756 2062 collocata
774 2019 869 2067 sunt,
890 2026 1099 2070 propterea

442 2083 536 2135 quia
575 2081 772 2120 amicorum
806 2073 890 2116 sunt
929 2069 1099 2122 vniuerfia

445 2139 661 2178 communia.
721 2135 761 2174 E.

496 2200 673 2237 Donatus
701 2203 742 2230 et
771 2187 869 2231 Cod.
899 2184 1026 2225 bonus
1052 2184 1098 2224 G.

441 2251 601 2292 fabricii
624 2259 746 2287 totum
758 2246 829 2285 hoc
842 2242 1013 2283 tribuunt
1023 2241 1101 2283 Mi-

444 2309 562 2347 cioni.
625 2304 702 2346 Sed
731 2301 847 2341 nostri
874 2312 1011 2339 omnes
1039 2297 1099 2335 in·

442 2372 657 2414 torponunt
690 2362 890 2400 Demeam.
945 2357 1100 2395 Vtrum-

445 2434 521 2470 que
541 2421 591 2457 ita
613 2417 649 2456 sc
669 2413 941 2461 commendat,
975 2421 1014 2448 vt
1034 2419 1100 2448 ne-

444 2476 533 2514 flius
556 2485 679 2513 vtrum
696 2470 902 2524 praeferas.
959 2468 1001 2510 Β.

504 2539 548 2579 13
584 2530 799 2569 Communia
821 2525 881 2577 ‘ff'
898 2526 1099 2562 amicorum

444 2586 597 2636 intcrst
619 2584 755 2631 omnia]
787 2587 889 2622 Inter
909 2578 1098 2633 Pythago·

445 2655 531 2682 reos
556 2652 678 2680 ortum
698 2641 846 2679 dicitur.
898 2639 946 2678 D.

1148 2574 1287 2626 ptelne.

1653 858 1803 910 Quem

1142 998 1320 1046 Malchus
1341 1000 1392 1044 de
1411 998 1648 1056 Pythagora:
1674 996 1738 1044 τιές
1758 996 1802 1039 δὲ

1143 1067 1240 1106 Φίλες
1271 1060 1495 1107 ὗπερψγάπα,
1531 1057 1622 1096 nocua?
1653 1056 1716 1103 μὲν
1752 1055 1801 1096 n>

1143 1121 1206 1156 τῦν
1238 1122 1341 1165 φίλων
1369 1113 1451 1155 εἶναι
1477 1117 1604 1162 rei-roc
1629 1117 1805 1161 ἆποφῃνά-

1142 1186 1255 1220 μευοςς
1284 1173 1518 1225 Hieronym.
1547 1163 1697 1212 adue-rs.
1728 1172 1805 1210 Ru-

1143 1229 1210 1269 fin.
1251 1228 1506 1284 Pythagorica
1539 1240 1575 1266 et
1601 1225 1664 1265 illa
1695 1237 1804 1279 prae-

1145 1296 1247 1338 cepta
1268 1282 1387 1336 fient,
1431 1286 1646 1323 Amicorum
1675 1284 1805 1321 omnia

1132 1342 1235 1394 sunt
1253 1341 1476 1386 communia5
1505 1340 1656 1380 Seneca
1674 1337 1724 1378 de
1735 1342 1804 1378 Be·

1145 1396 1228 1438 nef.
1246 1409 1324 1446 vn,
1342 1410 1381 1450 4.
1407 1394 1587 1448 Mefiito
1607 1409 1642 1434 et
1655 1394 1696 1434 de
1713 1397 1804 1433 ami·

1147 1458 1196 1494 cis
1225 1454 1488 1508 interrogare3
1529 1453 1653 1491 omnia
1682 1445 1806 1491 dicitis

1147 1510 1219 1550 illis
1246 1508 1309 1562 esst
1337 1510 1564 1554 communia3
1592 1521 1680 1564 ergo
1700 1520 1806 1547 nemo

1147 1570 1343 1675 qflicquam
1385 1568 1505 1605 amico
1544 1564 1682 1605 donare
1719 1575 1808 1618 potq

1149 1638 1165 1662 e
1199 1655 1206 1662 .
1263 1625 1302 1662 L.

1215 1673 1439 1717 Menander
1480 1674 1582 1728 apud
1626 1674 1810 1716 Suidamae

1149 1732 1201 1774 ταὶ
1237 1735 1305 1770 τῶν
1332 1739 1434 1779 φίλων
1472 1732 1560 1783 nocv’,
1587 1732 1612 1773 ι’
1640 1730 1733 1778 μόνον
1759 1732 1807 1772 τὶ

1149 1787 1333 1836 χρήματα,
1367 1795 1429 1828 Καὶ
1452 1790 1491 1827 vt?
1518 1804 1557 1825 τε
1576 1795 1633 1827 καὶ
1652 1788 1808 1836 φξονᾷσι·

1149 1863 1189 1890 ως
1216 1851 1370 1884 κοινωνία.
1424 1847 1490 1885 W.

1211 1914 1261 1955 19
1292 1900 1424 1940 Facete
1442 1913 1536 1941 'tunc
1548 1899 1692 1939 demum
1702 1899 1808 1952 {staec

1149 1970 1240 1997 nata
1257 1959 1377 1997 oratio
1400 1955 1467 2010 est]
1497 1957 1809 1998 Aliitoturniun·

1151 2024 1267 2065 gunt:
1295 2014 1359 2053 alii
1384 2010 1576 2064 separant.
1630 2016 1679 2054 Et
1701 2013 1808 2054 bene

1150 2057 1258 2110 Nata
1277 2070 1345 2122 est:
1376 2081 1467 2107 nam
1498 2067 1547 2107 {ic
1573 2068 1734 2109 dicimus
1755 2069 1809 2110 do

1151 2126 1265 2166 rebus
1288 2125 1529 2177 repentinis:
1558 2135 1598 2163 vt
1614 2121 1743 2178 supra,
1775 2127 1810 2166 E

1150 2197 1190 2222 re
1209 2196 1297 2222 nata
1314 2180 1436 2221 melius
1452 2178 1537 2231 fieri
1564 2179 1655 2221 haue
1665 2184 1822 2234 ponam·

1150 2252 1256 2292 quam
1265 2238 1412 2290 jhc-{nm
1434 2235 1493 2286 est,
1511 2235 1610 2276 hera.
1663 2241 1712 2278 D.

1207 2306 1261 2336 20
1287 2291 1462 2345 Ausi-ulta
1477 2295 1617 2345 paucis,
1649 2292 1724 2342 nifi
1733 2307 1809 2333 nto·

1150 2350 1273 2401 lestum
1293 2351 1351 2403 est,
1371 2349 1530 2403 Demea]
1558 2349 1603 2389 ln
1616 2348 1708 2388 duas
1726 2364 1808 2402 par-

1151 2413 1209 2445 tes
1252 2405 1433 2446 diuiditur
1479 2416 1556 2444 tota
1593 2401 1808 2458 persuatiog

1150 2461 1248 2501 nihil
1289 2459 1479 2514 pulsurum
1513 2462 1706 2501 Demeam
1741 2462 1808 2500 da.

1149 2519 1251 2566 mni,
1281 2517 1380 2557 nihil
1399 2517 1516 2569 (nihil
1530 2514 1660 2570 filios)
1681 2530 1808 2556 corru-

1202 2641 1225 2670 2
1235 2642 1251 2671 1
1285 2629 1488 2683 Principio,
1497 2628 1540 2683 fi
1554 2629 1594 2668 id
1607 2641 1642 2668 te
1652 2630 1807 2678 mordet,

500 2698 717 2746 Communia
762 2694 825 2748 effe
869 2689 1098 2745 amicorum]
1138 2685 1390 2740 fimtumfilii
1417 2699 1522 2743 quem
1540 2685 1716 2740 finium]
1748 2687 1808 2725 Fi·

1693 2753 1806 2796 gura-
