1875 3292
386 247 479 297 108

759 238 917 287 ACT.
948 208 1253 284 mys-cim.
1287 233 1368 283 iv.

487 431 490 433 -
519 361 776 434 Compressu
789 363 967 427 grauida
985 359 1095 410 faaa
1108 359 1190 412 est;
1213 358 1368 408 meniis
1379 359 1450 408 hic
1463 357 1654 405 decimus
1668 353 1743 405 est.

421 462 484 511 30
518 444 597 491 llle
617 443 761 490 bonus
782 444 847 489 vir
868 439 995 486 nobis
1018 437 1247 504 psaltriam,
1268 434 1300 482 si
1323 435 1388 482 dis
1405 434 1561 502 placet,

516 519 700 570 parauit,
724 518 902 580 quicum
924 516 1063 561 viuat:

1099 508 1217 558 illam
1239 509 1413 558 deserat.

516 592 621 642 DE.
663 596 748 640 Pro
771 585 935 639 certon'
959 601 1008 638 tu
1029 586 1153 637 istaec
1187 585 1324 634 dicis?
1361 581 1412 635 H
1427 596 1470 632 Ε.
1505 594 1640 632 mater
1665 583 1747 631 vir-

615 668 730 731 ginis

381 885 655 944 personaliter,
685 897 800 938 quam
818 884 1041 941 ignouimus,

382 948 578 991 tacuimus,
596 942 826 983 credidimus.
879 944 931 982 D.

438 1004 613 1058 Ignotum
650 997 717 1054 est]
757 994 935 1038 Priscian.
971 993 1039 1034 lib.

384 1071 424 1098 x.
481 1062 520 1098 L.

439 1126 493 1167 29
537 1112 656 1167 Virgo
695 1123 742 1150 ex
776 1123 817 1150 eo
848 1104 1045 1160 compreffic

381 1169 547 1226 grauida
563 1166 672 1221 ῥεῖα
699 1166 763 1220 esi]
795 1169 901 1205 Haec
930 1163 1043 1204 addi-

383 1227 463 1272 dit,
492 1238 545 1264 ne
564 1223 765 1271 exyiliore
787 1218 849 1260 vsu
871 1231 910 1261 et
930 1217 1044 1258 inho·

382 1281 489 1322 nesta
507 1280 692 1332 patientia
712 1277 870 1331 virginis
895 1275 943 1315 ad
955 1288 1044 1314 con-

382 1348 543 1390 ceptum
564 1335 686 1376 libido
708 1333 946 1387 peruenerit.
997 1334 1045 1371 Et

381 1404 584 1447 praeterea
614 1392 701 1444 quia
735 1402 775 1430 et
810 1389 884 1427 hoc
919 1388 1046 1440 potuit

384 1451 474 1497 dici,
494 1450 566 1490 Ille
584 1448 743 1500 quidem
764 1445 914 1486 vitiauit
935 1444 1046 1496 virgi·

385 1519 499 1546 nem:
533 1503 595 1545 sed
626 1502 718 1557 quid
739 1503 763 1542 si
785 1515 832 1540 ex
855 1502 930 1539 alio
954 1513 1045 1538 con-

383 1563 489 1612 cepit
518 1560 670 1613 postea,
699 1572 801 1610 quae
830 1570 934 1596 nunc
964 1569 1047 1610 gra·

383 1619 474 1660 uida
501 1616 597 1657 faccia
626 1615 704 1658 est?
733 1615 873 1654 idcirco
893 1624 932 1652 et
952 1627 973 1654 a
994 1613 1046 1652 vi-

383 1677 440 1715 tio
477 1674 638 1725 virginis
675 1682 827 1721 tempus
855 1666 1043 1708 ostendit:

382 1742 424 1770 vt
457 1742 545 1768 cum
581 1726 680 1767 facio
718 1727 813 1766 ratio
849 1722 1045 1764 conueni-

383 1796 456 1828 ret.
513 1785 562 1824 D.

439 1841 553 1881 Tolle
573 1837 670 1878 illud
681 1838 767 1883 Hic,
796 1835 902 1887 quod
917 1845 954 1874 et
965 1846 1044 1873 ver·

383 1895 442 1938 sus
460 1894 619 1948 respuit,
652 1906 726 1932 nec
756 1890 882 1932 sensus
902 1889 1046 1929 defide-

383 1965 452 1994 rat.
509 1951 751 2002 Pomponius
791 1947 893 2000 apud
930 1946 1047 1986 Noni-

384 2024 450 2049 um
475 2022 507 2047 v.
529 2007 744 2052 verminari,
765 2004 941 2044 Decimus
951 2014 1048 2042 men-

374 2067 427 2118 Jzsss
447 2064 503 2117 est,
518 2077 597 2103 cum
608 2060 820 2117 fafitum’fl:
848 2062 901 2098 ita
914 2056 975 2110 fit,
993 2061 1048 2096 ita

373 2121 521 2174 fimper
532 2120 649 2171 filet:
680 2118 835 2157 Dectmo
854 2115 971 2166 mens}
990 2114 1050 2152 de·

384 2191 478 2216 mum
501 2188 650 2232 turgens
679 2185 931 2220 vermmatur,
958 2183 1049 2224 par-

385 2237 495 2274 turit.
555 2235 593 2272 B.

437 2304 488 2342 30
501 2288 683 2328 illelmus
694 2289 766 2331 vlr‚
780 2282 885 2323 nobis
899 2281 1052 2337 pfitltri-

386 2361 455 2390 am,
471 2346 502 2396 si
531 2348 588 2383 dis
606 2345 736 2395 placet,
754 2340 922 2394 pararat]
944 2340 1051 2379 Con-

386 2402 502 2440 clusio
529 2397 789 2440 accusationis.
844 2400 901 2444 Et,
926 2395 1051 2434 Bonus

385 2471 458 2500 vtr.
480 2464 502 2494 ,ἱ
517 2465 614 2494 waic:
634 2454 792 2507 quidem
816 2451 881 2499 est,
921 2448 982 2492 sed
1002 2449 1049 2488 ab

385 2528 434 2552 co
465 2512 601 2563 polita,
643 2512 706 2562 qui
741 2508 969 2561 indignetur
999 2506 1050 2545 vi-

387 2584 471 2609 rum
494 2569 638 2606 bonum
665 2564 743 2606 ess‘e
761 2561 947 2612 debuisse,
983 2562 1049 2614 qui

389 2639 467 2665 non
495 2624 560 2662 iit:
591 2635 626 2660 vt
648 2620 766 2672 supra,
800 2621 926 2672 Neque
947 2618 1046 2666 honi,

387 2695 500 2733 neque
529 2678 689 2718 liberalis
717 2676 762 2726 cst
781 2677 938 2726 suric'sus
967 2674 1048 2726 offi'·

388 2752 486 2780 ‘eum
509 2739 596 2777 vm‘.
655 2737 699 2774 ht
722 2734 828 2773 innul
849 2730 1046 2771 considera

1695 736 1750 781 In

1092 896 1169 936 quo
1191 877 1600 922 nomineAeschinum
1621 887 1749 924 vocet.

1091 942 1214 980 vimm
1243 938 1445 991 appellans
1483 933 1646 982 scilicet,
1682 933 1752 985 qui

1092 997 1171 1036 vult
1200 996 1280 1035 eius
1320 1004 1425 1034 certa
1453 989 1530 1031 efi'e
1560 987 1751 1044 promissa,

1093 1064 1134 1094 et
1161 1052 1226 1104 qui
1254 1051 1361 1090 illum
1381 1047 1611 1100 iampridem
1630 1045 1754 1086 videti

1093 1109 1273 1149 maritum
1301 1106 1415 1146 velit:
1455 1103 1579 1146 Nobis
1607 1114 1754 1146 autem.

1093 1179 1143 1204 ex
1169 1162 1385 1203 abundanti
1424 1163 1471 1208 τῷ
1506 1161 1677 1204 Ξδιωτισμιῖι
1702 1157 1754 1197 ad

1092 1220 1411 1273 indignationem
1467 1218 1628 1257 relatum
1687 1213 1754 1254 est.

1092 1279 1134 1318 Si
1163 1278 1219 1316 dis
1243 1276 1377 1335 placet]
1416 1276 1525 1314 Bene
1554 1269 1756 1323 interposi-

1095 1345 1176 1372 tum
1194 1332 1241 1371 ad
1259 1331 1459 1375 inuidiam,
1482 1328 1592 1368 Sidis
1610 1328 1758 1381 placet.-

1094 1387 1238 1430 scilicet
1267 1400 1337 1438 per
1368 1398 1464 1438 quos
1493 1386 1660 1423 iuratum
1688 1382 1755 1423 est.

1094 1445 1158 1486 Ille
1201 1443 1318 1484 bonus
1359 1441 1438 1496 vir]
1482 1447 1633 1487 εῖρωνεία
1659 1438 1758 1479 indi-

1095 1501 1249 1555 gnantis
1268 1500 1309 1539 in
1332 1499 1420 1537 loco
1448 1494 1574 1536 addita
1602 1495 1656 1536 est
1676 1508 1758 1538 ver·

1095 1558 1154 1598 bis
1174 1554 1414 1598 ardentibus.
1475 1552 1676 1605 Pfiiltriam
1693 1565 1758 1591 no-

1095 1613 1167 1659 bis]
1204 1615 1258 1656 Tc?
1285 1611 1467 1654 ἰδιωτισμιῐ.
1499 1608 1547 1649 iic
1569 1609 1674 1647 enirn
1703 1607 1758 1646 di-

1095 1671 1228 1715 cimus,
1251 1678 1291 1708 ct
1302 1667 1355 1707 est
1368 1663 1661 1706 consuetudinis
1674 1675 1758 1716 per·

1095 1726 1285 1776 vulgatae.
1343 1724 1392 1765 D.

1151 1792 1200 1834 31
1236 1777 1342 1817 Illam
1361 1774 1520 1827 defirat]
1549 1775 1593 1814 ld
1610 1773 1674 1822 est,
1696 1774 1756 1812 cui

1096 1851 1119 1877 e
1137 1835 1344 1880 contrario,
1373 1833 1465 1872 dum
1484 1831 1598 1879 viuat,
1628 1829 1758 1868 obsti-i-

1096 1890 1252 1932 &usest
1307 1892 1355 1930 Et
1368 1886 1542 1942 Deserat,
1565 1887 1759 1940 virginem

1097 1947 1249 1989 scilicet.
1304 1946 1342 1986 D

1150 2001 1372 2048 Bembinus,
1402 2010 1441 2039 et
1454 1999 1572 2052 aliqui
1587 1998 1668 2038 libri
1681 1999 1759 2037 Do·

1099 2061 1178 2102 nati
1200 2061 1302 2100 recte
1322 2055 1469 2096 habent
1483 2055 1641 2106 Deserit.
1674 2057 1715 2095 B.

1153 2127 1206 2170 32
1240 2117 1315 2153 Pro
1345 2125 1486 2151 certone
1514 2125 1554 2151 tu
1582 2110 1683 2163 staec
1703 2109 1761 2149 da·-

1099 2172 1205 2226 c1‘5?]
1236 2173 1321 2210 Hoc
1339 2168 1429 2207 ideo
1442 2182 1521 2207 non
1537 2167 1641 2211 dicit,
1667 2167 1758 2216 quia

1100 2228 1217 2268 fidem
1238 2239 1316 2265 non
1330 2223 1649 2263 habearnarrami
1666 2238 1672 2261 :
1694 2218 1758 2260 sed

1100 2286 1188 2335 quia
1226 2283 1384 2321 miratur
1420 2277 1572 2318 scelera.
1631 2279 1760 2318 Mater

1100 2341 1260 2395 virginis
1276 2341 1315 2377 in
1334 2336 1450 2375 medio
1468 2335 1533 2390 est]
1561 2333 1757 2375 'sei-tibili-

1102 2408 1160 2436 ter
1188 2393 1294 2441 sntiS,
1330 2393 1378 2432 In
1405 2392 1521 2431 medio
1557 2390 1625 2444 est:
1655 2387 1759 2441 quali

1101 2451 1260 2492 retineri
1291 2462 1373 2487 non
1398 2448 1527 2500 poilit,
1560 2459 1633 2487 nec
1657 2444 1762 2484 cohi-

1100 2507 1205 2555 beri,
1249 2506 1345 2556 quin
1383 2517 1463 2543 rem
1498 2502 1647 2556 probet.
1712 2502 1759 2540 Et

1101 2574 1323 2617 praeterea,
1358 2574 1477 2611 quum
1510 2567 1759 2612 argumento·

1101 2633 1185 2659 rum
1207 2629 1354 2671 geum-:i
1378 2617 1454 2654 duo
1485 2615 1579 2660 lint,
1607 2613 1760 2657 ἕντιχνου

1098 2685 1151 2713 καὶ
1181 2671 1336 2718 §nx-m:
1363 2673 1452 2711 licut
1477 2672 1514 2710 in
1540 2670 1652 2710 rebus
1682 2681 1761 2706 ma-

1097 2728 1259 2782 nifestis,
1274 2734 1403 2776 ἀτέχνῳ
1415 2728 1542 2768 vtirur.
1600 2727 1683 2764 Hoc
1699 2737 1759 2762 er-

1690 2792 1756 2835 ἕο»
