1859 3196
647 197 942 242 HECYRA.

1377 210 1472 258 359

129 311 195 388 4¹5
235 329 407 372 Neutra
432 325 476 370 in
498 339 545 370 re
568 323 690 369 vobis
714 321 940 370 difficultas
962 340 985 369 a
1008 340 1078 370 me
1101 325 1194 369 erit.

231 401 316 447 Sed
339 399 444 462 quid
472 399 674 445 faciemus
699 402 873 463 puero?
917 398 1016 445 LA.
1053 398 1235 445 ridicule
1257 415 1406 459 rogas:

229 475 454 538 Quicquid
475 469 737 528 futurum'st,
761 476 863 522 huic
885 475 1008 529 suurn
1027 474 1180 521 reddas
1211 475 1385 531 scilicet3

226 555 289 600 Vt
320 552 482 597 alamus
513 549 727 597 nostrum.
765 547 936 597 PAM„
969 567 1102 614 quem
1141 549 1230 615 ipse
1272 551 1463 611 neglexit

322 638 461 692 pater,

221 705 323 763 Ego
346 701 489 748 alam?
521 697 563 747 L
578 714 630 748 Α.
664 700 772 766 quid
796 700 932 749 dixti?
965 700 1074 750 eho!
1112 718 1261 748 annon
1282 699 1461 753 alemus,

324 777 583 842 Pamphile?

130 870 193 917 50
228 853 472 902 Prodemus
493 852 651 917 quaeso
670 854 854 919 potius?
889 852 1134 917 quae-haec
1154 854 1341 900 amentia
1364 851 1423 898 est
1438 854 1462 898 ,ἢ

88 1071 173 1112 eius
200 1086 281 1112 non
311 1072 385 1113 est:
415 1069 483 1112 sed
510 1074 552 1112 in
572 1086 660 1113 mea
680 1087 747 1126 po-

85 1128 221 1168 testate
248 1131 408 1181 politum
438 1130 501 1170 est.
563 1130 609 1168 In
634 1143 749 1169 manu

50 1181 57 1185 ’
85 1197 161 1224 non
200 1185 264 1240 est]
305 1186 443 1225 onris
483 1183 633 1225 scilicet.
701 1190 747 1226 Et

87 1241 144 1280 est
165 1244 272 1289 ordo,
297 1256 392 1281 vxor
408 1255 495 1281 mea
516 1243 609 1293 quid
625 1241 747 1293 faciat,

88 1297 130 1336 in
159 1311 276 1336 manu
299 1301 379 1337 eius
400 1312 481 1336 non
502 1298 566 1338 est.
623 1301 670 1339 D.

143 1366 195 1407 45
225 1355 373 1393 Neutra
397 1357 439 1393 in
471 1369 511 1393 re
528 1354 634 1393 vobis
656 1355 747 1408 diffi-

89 1409 230 1460 cultas]
286 1411 475 1448 Promittit
520 1409 744 1449 facilitatem

86 1463 208 1504 suam:
245 1477 284 1504 vt
308 1476 437 1504 tamen
463 1480 554 1504 vxor
576 1467 746 1513 roganda

86 1519 142 1560 fit.
203 1523 264 1560 An
287 1521 406 1565 aliter,
429 1533 468 1561 et
490 1533 527 1560 vt
553 1519 661 1574 supra
681 1536 744 1561 an-

83 1575 338 1618 notauimus?
396 1580 442 1616 D.
598 1616 601 1620 ,

136 1636 190 1684 46
228 1631 301 1671 Sed
325 1633 419 1686 quid
441 1634 624 1685 fizcienms
657 1645 740 1685 pue·

81 1689 180 1742 ro?]
208 1689 315 1739 Quid
333 1688 474 1737 melier,
495 1700 531 1729 et
545 1688 653 1740 Quid
675 1688 741 1728 fiet

81 1744 176 1783 mihi
206 1745 357 1783 dicitur.
416 1743 487 1784 Sed
513 1746 603 1798 quid
619 1746 738 1797 fizcie-

83 1813 164 1840 mus
182 1801 346 1854 puero?]
380 1802 463 1852 Qui
476 1803 619 1852 vtique,
632 1803 743 1852 ‚quic-

81 1857 177 1909 quid
197 1858 287 1906 erit,
318 1859 415 1908 patri
434 1857 656 1896 reddendus
675 1856 740 1898 est.

83 1913 251 1953 Ridicule
291 1917 416 1968 rogas]
455 1913 641 1960 Ridisule,
679 1915 739 1953 vel

82 1969 312 2008 aduerbium
335 1967 411 2008 ell'e
431 1969 563 2021 potest,
590 1970 646 2008 vel
674 1982 748 2008 nov

82 2038 198 2065 meu:
224 2025 248 2065 si
277 2038 421 2064 nomen
443 2024 507 2073 est,
543 2023 739 2063 subdistin-

83 2094 162 2134 gue
181 2082 333 2120 ridicule
347 2099 356 2116 .·
388 2092 426 2120 et
454 2078 501 2120 fic
522 2081 733 2135 interroga,

79 2150 170 2176 cum
190 2138 223 2175 vi
245 2138 594 2188 pronunciationis.
631 2140 679 2178 D.

138 2203 192 2245 47
221 2193 321 2231 Huic
353 2193 500 2237 reddas]
532 2193 735 2245 Pamphilo

81 2245 235 2287 scilicet.
285 2247 385 2287 Huic
397 2247 508 2301 ficum
529 2250 658 2288 reddas
663 2249 737 2298 fii-

83 2304 187 2356 licet]
220 2303 280 2342 Sic
300 2303 415 2349 dixit,
444 2305 546 2343 Huic
564 2304 680 2354 ficum
699 2314 738 2344 et

81 2359 235 2404 Reddu,
261 2358 363 2409 quali
382 2359 551 2411 reposcat
565 2359 736 2411 Pamphi-

78 2416 152 2455 lus.
208 2415 253 2454 Et
272 2427 354 2453 non
375 2413 577 2465 subiunxit,
598 2429 639 2454 vt
649 2417 736 2462 ahu,

79 2469 156 2519 sed,
177 2485 217 2509 vt
236 2471 393 2510 alamus:
427 2482 466 2510 vt
495 2469 556 2511 sua
578 2483 736 2523 quoquc

78 2524 263 2567 iuteresse
282 2527 523 2567 monstraret.
578 2531 629 2570 D.

133 2591 186 2636 48
222 2583 271 2620 Vt
293 2583 429 2622 alamus
448 2582 626 2637 nostrum]
658 2583 735 2623 Sci-

80 2638 173 2678 licet
194 2637 379 2690 Pamphili
402 2639 533 2687 filinm,
557 2651 740 2690 nepotem

84 2707 215 2734 meum
236 2726 246 2744 ,
299 2707 504 2747 vti-umque
552 2695 740 2736 nostrum.

1312 930 1461 975 Enim-

796 1074 924 1131 Qem
965 1072 1040 1126 ipse
1077 1073 1256 1128 neglexit]
1301 1073 1341 1112 Si
1377 1070 1459 1124 [ΜΞ-

795 1131 897 1182 (lpfiz
925 1132 991 1181 Z)
1023 1131 1177 1184 legeris,
1198 1131 1300 1169 clare
1313 1128 1455 1167 dielum

799 1187 871 1226 est:
911 1185 936 1225 fi
967 1186 1049 1238 Ipfiz
1078 1187 1173 1239 (12³st
1209 1187 1287 1236 Z.)‚
1327 1186 1457 1224 lenius

798 1242 862 1282 est.
894 1252 933 1283 et
952 1243 1151 1283 videbitur
1164 1240 1280 1282 senex
1295 1241 1344 1279 ob
1354 1255 1455 1287 mur-

797 1300 1055 1338 murationem
1090 1301 1174 1338 eius
1209 1295 1456 1344 intellexisse,

798 1355 900 1405 quod
945 1356 1041 1394 nolit
1069 1368 1233 1406 puerum
1272 1354 1374 1392 tolli:
1416 1362 1455 1390 et

797 1410 888 1448 ideo
916 1411 1148 1460 appolitum,
1187 1409 1291 1464 ,Qtid
1315 1406 1455 1451 dixti⁴,²

796 1465 884 1513 elno,
920 1480 1045 1505 annon
1081 1468 1241 1512 alemus,
1286 1464 1456 1516 Pamphi-

794 1523 852 1562 le?
903 1521 1018 1574 ‚Quem
1037 1522 1108 1574 ipse
1131 1521 1310 1576 neglexit]
1341 1521 1453 1573 Legi-

794 1588 853 1617 tur
877 1589 919 1620 et
936 1579 1038 1627 ΙρΙὶι,
1069 1590 1106 1617 et
1124 1577 1198 1617 hoc
1219 1578 1272 1618 est
1291 1578 1455 1617 melius:

793 1645 832 1673 vt
866 1633 909 1673 {it
946 1635 1060 1672 eam
1098 1635 1295 1672 vocatiuus
1337 1629 1451 1672 casus.

789 1689 910 1741 ‚Quem
938 1689 1010 1741 ipſs:
1044 1691 1205 1744 neglexit
1236 1700 1355 1743 pater,
1386 1702 1454 1743 ego

790 1746 885 1787 alam
897 1746 936 1798 ¹3]
968 1747 1041 1785 Hic
1061 1747 1128 1785 libi
1142 1747 1451 1792 obmurmurans,

791 1803 898 1841 vultu
925 1812 964 1839 et
991 1803 1115 1841 verbis
1142 1802 1308 1841 ostendit
1340 1801 1449 1840 nolle

789 1856 975 1910 suscipere
995 1857 1127 1898 filium.
1180 1862 1230 1899 D.

843 1918 915 1955 Pru
938 1913 1034 1964 Ipsb,
1058 1913 1162 1965 quod
1182 1915 1223 1953 in
1245 1913 1371 1964 paucis
1384 1924 1446 1952 ex-

789 1980 841 2009 tat
875 1970 998 2010 Codd.
1042 1973 1169 2010 retine
1209 1971 1444 2020 optimorum

787 2026 1026 2077 Codd.1pfi›.
1080 2031 1178 2067 Nam
1214 2038 1263 2064 ex
1292 2023 1445 2076 respon·

787 2082 891 2121 lione
913 2081 1089 2123 Lachetis
1109 2092 1234 2133 patet,
1268 2079 1444 2131 Pamphi-

787 2139 868 2178 lum
888 2138 983 2178 haec
1005 2136 1177 2177 auersum
1199 2135 1344 2176 dixisse.
1375 2139 1413 2175 B.

840 2260 894 2302 49
912 2250 1047 2289 Annon
1059 2248 1202 2294 alemus,
1219 2245 1403 2299 Pamphile
1411 2245 1444 2299 ?]

787 2304 905 2355 Quod
927 2304 1149 2344 faciendum
1172 2304 1224 2350 lit,
1251 2318 1270 2341 a
1291 2315 1440 2341 contra·

784 2362 842 2398 rio
871 2361 947 2399 vult
978 2359 1094 2399 senex
1116 2359 1443 2411 pronunciatione

785 2416 1067 2464 demonstrare,
1112 2414 1216 2466 quod
1245 2413 1364 2455 scelus
1399 2414 1441 2452 lit

786 2485 868 2510 non
890 2469 1029 2510 feciss'e.
1086 2475 1136 2513 1).

843 2538 895 2577 50
923 2528 1136 2574 Prodemus,
1165 2524 1319 2580 quaest),
1345 2527 1438 2578 poti·
1479 2534 1483 2538 ·

787 2582 881 2635 1152]
909 2583 1151 2629 Desa-emus,
1178 2583 1438 2634 projiciemus,

789 2651 903 2691 porro
941 2640 1140 2680 dabimus:
1180 2639 1290 2691 Virg.
1319 2640 1437 2688 (Aen.

790 2708 820 2744 1,
847 2699 963 2749 255.)
990 2699 1096 2735 vm'us
1121 2693 1164 2736 ob
1196 2697 1291 2734 iram
1310 2693 1441 2734 Prodi-

904 2756 933 2793 Z
961 2765 987 2804 4
1356 2762 1446 2788 mur.
