1875 3244
22 2802 30 3244 -—-—-——-..—--—-

621 200 918 249 HECYRA.

1346 218 1440 269 3²3

212 332 333 379 Nam
353 325 475 377 fuiss'e
497 345 598 389 erga
625 346 695 376 me
718 331 831 376 miro
844 329 1036 390 ingenio.
1060 339 1262 393 expertus
1284 331 1398 382 sum:

115 424 182 469 40
214 407 369 469 Illique
391 416 563 469 exopto,
588 417 632 452 vt
651 406 877 469 relliquam
900 407 1029 450 vitam
1052 406 1192 466 exigat

215 485 329 528 Cum
354 481 536 532 eoi-iro,
561 497 630 530 me
653 482 729 543 qui
750 479 798 526 fit
819 480 1101 526 fortunatior:

215 556 586 618 Quandoquidem
608 555 724 601 illam
745 573 767 601 a
785 571 855 602 me
879 554 1071 601 distrahit
1095 554 1328 605 neceffitas.

212 628 299 678 ΡΗ.
339 631 447 678 Tibi
469 631 511 676 id
532 634 575 677 in
599 647 730 676 manu
750 628 822 683 est,
843 647 898 677 ne
917 627 1003 676 fiat.
1038 627 1128 676 LA.
1150 630 1180 677 si
1202 632 1324 680 sanus
1345 632 1440 696 fies,

216 706 324 752 Iube
346 707 461 751 illam
484 707 640 752 redire.
676 703 710 751 P
727 718 756 750 Α
774 718 829 751 Μ.
867 722 958 752 non
970 703 1028 752 est
1040 704 1438 774 confilium,pater:

112 799 176 845 45
217 784 372 828 Matris
393 780 563 828 seruibo
585 779 841 829 commodis.
871 778 978 828 LA.
1018 796 1110 845 quo
1133 781 1259 832 abis?
1294 802 1437 840 mane,

80 1014 116 1042 et
135 1000 358 1040 vehementer
375 997 544 1052 defidero.
579 999 736 1048 Etvide,

81 1059 222 1097 amoris
248 1055 429 1108 impulsus
451 1057 589 1095 nimius
602 1056 663 1094 hic
681 1055 737 1095 est

80 1114 181 1152 circa
200 1125 375 1152 vxorem:
407 1123 445 1152 et
474 1111 575 1163 quasi
596 1112 734 1152 oblitus

79 1166 171 1208 suae
197 1170 326 1208 matris
345 1179 385 1208 et
404 1169 573 1216 vitiatae,
607 1169 733 1219 luqui-

82 1234 154 1264 tur.
185 1222 248 1264 sed
267 1225 333 1264 tali
351 1237 447 1276 opus
465 1223 731 1276 estPamphilo

79 1279 130 1321 ad
150 1277 334 1320 eiusmodi
353 1291 634 1333 argumentum,
661 1279 731 1319 do-

80 1349 157 1377 nec
184 1336 388 1388 perueniat
421 1336 468 1375 ad
503 1335 729 1383 καταςςοφῆν,

78 1393 122 1431 in
149 1405 226 1443 qua
242 1404 409 1441 ‚morem
428 1390 560 1433 reduci
579 1389 733 1432 neceffe

79 1447 146 1488 est.
204 1451 252 1489 D.

136 1515 191 1557 39
223 1503 326 1543 Nam
359 1501 476 1555 futffi
520 1516 611 1557 erga
651 1517 705 1542 me

79 1559 284 1610 Quantum
304 1560 404 1597 valet
424 1559 526 1610 quod
545 1558 661 1610 Fuiffe
678 1559 735 1597 di-

76 1617 144 1660 xit,
164 1627 203 1654 et
224 1627 304 1654 non
325 1614 422 1668 hffi!
454 1614 556 1667 quasi
567 1628 609 1653 re
621 1612 734 1654 trans·

77 1671 172 1711 aaa.
239 1669 340 1724 Erga
377 1671 447 1720 me]
493 1673 577 1712 Hoc
607 1681 731 1710 totum

77 1726 347 1779 repudiaturus
380 1727 549 1766 inaniter
574 1727 731 1775 diceret,

0 1823 1 1826 ,
77 1782 148 1824 nifi
177 1783 223 1823 ad
252 1783 399 1822 exitum
426 1780 591 1822 Fabulae
614 1786 731 1822 Poeta

78 1835 306 1891 respiciens,
336 1837 528 1877 redueiuri
555 1839 730 1878 animum

79 1895 124 1934 in
161 1893 359 1945 Pamphilo
403 1891 624 1935 reseruaret.
682 1899 730 1935 Et

78 1960 172 1990 nota
189 1948 454 2001 repudiantem
473 1962 582 1998 eam,
615 1964 730 2002 quam

0 2050 1 2054 Ἰ
79 2004 223 2053 laudat,
262 2005 405 2056 pietate
440 2003 516 2044 sola
555 2007 728 2059 compul-

79 2058 175 2100 sum.
229 2062 277 2100 D.

0 2127 3 2165 3
132 2127 187 2169 40
226 2115 277 2155 Vt
308 2116 482 2168 reliquam
508 2119 624 2157 vitam
654 2121 729 2158 exi-

2 2214 4 2224 .
79 2172 168 2226 gat]
208 2172 305 2211 Satis
329 2171 508 2211 flebiliter
542 2172 730 2224 (fideliter

79 2224 154 2267 ΜΓ.
175 2229 232 2276 Β.)
248 2226 356 2275 dixit,
385 2226 574 2280 Reliquam
591 2232 729 2284 exigat.

2 2268 8 2307 ἶ
81 2283 192 2334 Virg.
214 2284 333 2333 (Aen.
351 2295 385 2329 1,
414 2288 502 2335 78.)
538 2285 667 2325 Omnes
688 2299 732 2325 vt

4 2367 6 2370 -
81 2350 215 2385 tecum,
244 2341 384 2377 meritis
394 2350 467 2390 pro
490 2339 641 2390 talibus,
670 2354 732 2380 an·

78 2407 144 2434 uos
165 2393 318 2447 Exigat.
373 2399 423 2435 D.

1288 863 1439 918 Mane,

785 999 938 1052 repudii
959 998 1295 1043 confirmationem
1314 1007 1440 1046 conti-

783 1067 874 1096 net:
904 1057 988 1108 plus
1016 1068 1144 1095 tamen
1175 1056 1367 1100 sententia
1397 1062 1440 1102 fi.

783 1111 1007 1165 gnificante‚
1023 1126 1136 1163 quam
1149 1113 1284 1154 vei-bis.
1311 1118 1439 1173 Qan-

782 1169 975 1221 doquidem
1004 1167 1103 1207 illam
1131 1184 1156 1208 a
1185 1183 1238 1208 me
1262 1171 1437 1223 distrahit

779 1223 974 1278 neceffitas]
1011 1222 1211 1265 Excusatio
1239 1226 1280 1265 in
1309 1228 1438 1270 neces-

779 1280 907 1329 fitate,
945 1293 1047 1331 quae
1082 1280 1136 1320 est
1169 1282 1431 1326 inexorabilis.

780 1341 829 1378 Et
858 1334 1074 1390 Neceffiaeas,
1113 1347 1244 1388 partus
1277 1337 1433 1392 scilicet,

781 1406 896 1444 quam
915 1393 1169 1432 neceffitatem
1182 1393 1285 1433 domi
1309 1395 1437 1437 offen·

781 1449 855 1487 dit:
887 1448 990 1500 quod
1017 1461 1066 1487 ex
1096 1449 1172 1487 alio
1201 1447 1342 1491 scilicet
1368 1467 1436 1505 pe·

781 1505 894 1556 perit.
953 1505 1030 1543 Sed
1049 1503 1163 1543 modo
1183 1506 1264 1545 vult
1281 1510 1439 1550 neceffi·

784 1570 921 1608 tatem,
948 1561 1076 1599 matris
1097 1559 1217 1600 videri
1237 1563 1437 1604 iracundi-

780 1630 841 1654 am
861 1617 1074 1666 (iniuriam)
1097 1629 1199 1667 quae
1216 1631 1238 1657 a
1254 1631 1357 1659 nuru
1383 1622 1437 1663 ita

782 1669 927 1711 offensa
948 1670 1002 1711 fit.
1057 1675 1107 1712 D.

834 1739 886 1781 43
923 1726 1011 1767 Tibi
1036 1729 1077 1766 id
1104 1729 1144 1766 in
1162 1742 1271 1769 manu
1292 1730 1359 1782 est,
1389 1745 1438 1773 ne

771 1780 864 1837 fiat]
893 1785 979 1822 Hoc
1010 1782 1206 1835 opposuit,
1235 1788 1338 1838 quod
1366 1789 1438 1828 mi·

779 1840 888 1878 nime
925 1839 1006 1878 vult
1037 1840 1259 1892 Pamphilus
1286 1845 1435 1895 ivideri,

780 1905 820 1934 et
840 1894 940 1946 quod
953 1895 1107 1947 prodest
1126 1894 1266 1937 socero·
1320 1900 1438 1952 sifi·

779 1964 846 1990 nus
856 1951 942 2002 sies,
969 1952 1052 1990 iube
1072 1951 1169 1991 illam
1188 1954 1320 2005 redire]
1349 1959 1434 2005 Pro,

777 2006 820 2045 Si
837 2007 955 2057 fimus
982 2021 1041 2048 es:
1069 2022 1158 2047 nam
1179 2010 1288 2048 aliter
1305 2011 1433 2052 Iubeas

778 2063 907 2102 dicere
940 2062 1085 2102 debuit.
1143 2066 1185 2104 Si
1202 2065 1319 2116 simus
1337 2068 1430 2122 stes]

778 2121 886 2157 Bene
915 2131 1024 2169 parer
1051 2117 1157 2171 supra
1185 2120 1286 2159 Iram
1314 2123 1435 2164 dixit:

779 2187 881 2212 nunc
901 2174 1086 2225 Irfimiam
1104 2175 1286 2228 fignificat
1308 2177 1434 2220 ineffe

780 2229 992 2281 Pamphilo.
1049 2232 1306 2283 Sifimussx'es]
1338 2238 1433 2275 Nou

780 2298 876 2337 ergo
906 2287 1015 2337 culpa
1041 2286 1111 2335 est,
1148 2289 1208 2325 cui
1236 2299 1275 2327 vt
1299 2289 1432 2331 redeat

780 2341 914 2379 iubere
933 2340 1066 2392 potest.
1121 2345 1168 2382 D.

832 2398 875 2434 δι’
883 2396 1000 2446 fimus
1019 2396 1097 2447 fies]
1130 2400 1176 2439 V.
1197 2400 1242 2440 C.
1267 2398 1431 2452 fistmus

133 2461 184 2501 41
223 2451 311 2489 cum
323 2463 363 2487 eo
380 2451 479 2500 viro]
498 2453 585 2491 Non
597 2452 732 2504 (Nam)
769 2452 874 2503 finis
891 2452 978 2503 stes.
1035 2455 1072 2492 L.

78 2502 259 2546 inuidere
272 2507 343 2544 iam
357 2506 500 2545 nonest
511 2509 643 2548 mariti.
679 2512 726 2549 D.

138 2574 192 2614 4²
238 2562 545 2616 Qaendoquidem
576 2563 676 2603 illam
708 2578 730 2603 a

78 2629 134 2656 ue
161 2616 334 2668 distrahit
365 2616 559 2670 neceffitas]
589 2621 730 2659 Omnis

79 2672 272 2714 conclufio
301 2672 504 2714 verborum
530 2675 730 2728 Pamphili,

834 2520 890 2560 44
922 2508 1012 2546 Non
1044 2507 1089 2558 est
1119 2506 1325 2566 confilium]
1353 2515 1433 2553 Du-

781 2566 858 2603 rius
884 2575 971 2611 erat,
1001 2563 1106 2603 Nolo
1127 2568 1303 2606 reducere.
1335 2581 1432 2622 ergo

778 2621 851 2661 hoc
870 2621 995 2658 lenius
1017 2619 1125 2659 dixit.
1183 2624 1233 2661 D.

833 2688 887 2730 45
925 2675 1071 2717 stlatris
1094 2675 1253 2727 struiho
1280 2693 1430 2720 commo-

888 2733 921 2772 X
951 2743 976 2773 2
1352 2737 1428 2791 dis]
