1827 3180
14 2722 19 2782 3

625 192 991 240 PHORMIO.

1381 209 1477 256 ’ψ

253 327 306 372 In
326 321 413 388 ipsa
432 318 584 370 ineffet
604 322 757 376 forma,
789 323 894 368 haec
915 319 1100 368 formam
1121 321 1438 383 extinguerent.

253 400 347 452 lue.
366 401 443 462 qui
463 398 580 445 illam
606 398 774 445 amabat
795 395 1025 449 fidicinam,
1057 397 1377 452 tantummodo,

153 478 223 526 60
256 477 379 528 Satis,
401 477 557 538 inquit,
578 473 744 521 scita'st:
782 470 928 520 noster
951 489 1070 520 vero.
1101 470 1213 521 DA.
1251 475 1338 520 iarn
1373 474 1482 531 scio3

193 605 202 609 ,
253 555 414 599 Amare
427 553 586 616 coepit.
624 546 734 598 GE.
766 550 865 598 Scin
879 548 1042 613 quam?
1075 563 1166 612 quo
1178 550 1343 603 euadat,
1367 549 1482 596 vide.

121 730 240 783 ineffet
255 731 408 782 forma]
443 733 610 772 Veteres
638 729 777 782 ignem

121 789 339 827 etcalorem
350 787 560 838 quendam,
581 785 680 838 quati
703 785 777 825 ser-

121 856 274 889 uorem,
293 844 472 882 dixerunt
483 841 654 882 Formam
665 841 776 893 <For-

121 903 248 952 num),
276 912 314 940 et
332 899 422 938 ideo
443 898 636 947 fornaces,
659 899 776 948 forci-

118 955 394 1009 pes,fl>rmam
423 966 465 994 et
483 954 698 1007 formosos:
729 967 777 995 ex

122 1012 262 1064 quibus
291 1011 393 1065 ignis
427 1012 565 1050 amoris
593 1011 775 1050 exoritur.

120 1066 354 1112 Laudandus
373 1066 426 1106 est
445 1080 542 1121 ergo
563 1068 775 1106 Terentius

124 1125 360 1176 proprietate
379 1121 541 1166 seruata:
568 1124 636 1175 qui
658 1137 775 1174 quum

122 1180 288 1220 formam
326 1175 579 1230 praetulifl'et‚
616 1175 777 1219 subiecit

1327 624 1483 673 Postri-

880 727 1152 769 Tantummodo
1163 727 1282 781 satis]
1311 730 1398 768 Hoc
1415 727 1483 777 est,

824 783 1091 824 tantummodo
1112 785 1302 830 laudabat,
1331 785 1399 824 ille
1419 798 1482 824 au·

827 851 907 882 tem
925 841 1021 880 alius
1039 854 1168 881 amare
1185 842 1322 894 coepit.
1378 844 1426 885 E.

879 956 936 998 60
970 950 1394 1007 Tantummodo‚'fhtis‚
1427 955 1483 994 in-

825 1013 920 1064 quit,
932 1009 1034 1063 scita
1051 1009 1116 1065 est]
1150 1008 1288 1054 Sensus
1304 1009 1365 1049 est.
1388 1013 1484 1050 Lau·

826 1066 931 1106 dauit
949 1066 1232 1117 tantummodo,
1249 1078 1346 1106 ‚non
1365 1066 1489 1106 etiam‘

826 1132 960 1176 captus
988 1123 1162 1176 (raptus,
1194 1123 1252 1162 vel
1271 1121 1392 1174 lapfias
1418 1124 1484 1174 Z.)

826 1176 937 1218 estin
960 1191 1146 1218 amorem.
1199 1178 1319 1226 Salis,
1348 1182 1484 1230 znyuit,

124 1240 397 1291 extinguerent.
454 1235 550 1274 Ideo
579 1244 620 1274 et
647 1237 774 1289 Virgi-
816 1233 933 1290 Jhita]
983 1239 1132 1287 Magna
1178 1235 1260 1274 laus
1307 1233 1482 1275 formae:

123 1293 196 1333 lius
226 1300 272 1331 nc
297 1293 350 1331 ait
374 1291 470 1344 (Ecl.
499 1303 571 1341 111,
600 1292 686 1343 66.)
723 1294 776 1331 At

123 1348 218 1388 mibi
228 1347 306 1402 sese
327 1347 436 1401 offert
453 1347 553 1387 vltro
566 1360 663 1388 meus
680 1350 778 1404 ignis

125 1408 317 1453 Amyntas.
373 1406 423 1446 D.

183 1461 241 1500 Ni
261 1461 318 1500 vis
341 1457 448 1513 boni]
476 1461 621 1512 Magna
640 1459 694 1497 vis
713 1457 779 1498 bo-

129 1517 257 1556 nitatis
276 1526 316 1555 et
335 1515 685 1567 pulchritudinisin
700 1513 780 1564 for-

126 1586 191 1612 ma
208 1582 310 1611 erat:
340 1571 483 1611 idcirco
510 1570 578 1610 ista
602 1584 702 1622 quae
731 1583 781 1609 ex

125 1628 229 1668 luc'hl
245 1639 285 1667 et
305 1628 481 1666 lacrumis
508 1626 682 1676 fuerant,
709 1625 783 1665 for-

124 1697 231 1724 mam
277 1684 510 1736 extinguere
556 1695 640 1722 non
686 1683 783 1721 vale-

124 1738 230 1780 bant.
285 1743 331 1780 E.

186 1803 237 1850 58
277 1796 323 1835 In
373 1792 452 1849 ipfiz
485 1793 604 1846 ineffet
637 1793 780 1847 forma,

130 1851 216 1892 baec
233 1852 402 1904 formam
421 1850 696 1905 extinguerent]
728 1853 778 1891 Fi·

131 1921 226 1962 gura
249 1906 368 1951 πλοκιὶ.
396 1905 499 1946 aliud
528 1908 633 1945 enim
663 1906 782 1959 supra,

133 1964 238 2003 aliud
267 1963 364 2003 infra
391 1962 527 2002 Forma
555 1964 716 2014 repetita
743 1964 785 2002 st·

133 2018 301 2073 gnificat.
354 2019 399 2058 In
415 2017 784 2074 ipfhlineffiwforma]

132 2076 358 2115 Geminauit
394 2075 713 2126 praepoffitionem
747 2086 786 2114 vt

134 2130 252 2178 alibi,
294 2131 340 2170 In
369 2144 491 2170 amore
529 2131 615 2169 haec
657 2132 784 2170 omnia

135 2185 262 2237 insunt
306 2188 413 2224 vitia.
493 2185 784 2240 Extinguerem]

136 2245 247 2284 Bene
282 2241 572 2295 Extinguerent:
614 2242 703 2292 quia
738 2242 786 2280 ab

137 2299 234 2350 igne
278 2307 318 2336 et
364 2299 489 2336 calore
532 2295 652 2335 forma
689 2296 789 2338 dieta

136 2353 203 2394 est.
259 2354 307 2393 D.

196 2420 249 2462 59
283 2406 365 2454 1112,
402 2410 463 2460 qui
494 2406 593 2447 illam
624 2407 789 2462 amabat]

138 2468 245 2506 Bene
265 2462 384 2508 illam:
415 2463 503 2514 quia
522 2464 598 2503 iam
616 2461 721 2515 supra
736 2466 790 2503 in-

139 2520 306 2560 finuauit
316 2516 515 2572 personam
527 2519 787 2559 citharistriae.

136 2576 224 2626 Ille,
258 2579 320 2629 qui
347 2576 444 2614 illam
475 2572 638 2629 amabat]
681 2577 791 2616 Ratio

136 2645 204 2683 eut·
230 2633 413 2671 amauerit
434 2630 638 2683 virginem.
691 2631 791 2671 Ftdi-

142 2689 278 2742 cinam]
324 2690 446 2739 Supra
493 2685 792 2738 Citharislriam3

141 2756 236 2799 ergo
259 2742 539 2785 indifferenter.
593 2742 648 2783 D,

827 1291 973 1330 amanti
993 1291 1103 1329 aiiam
1124 1287 1314 1341 placuiffe.
1369 1291 1483 1340 Satis,

827 1350 960 1399 inquit,
975 1346 1091 1398 scita]
1121 1345 1234 1396 Scita,
1250 1346 1375 1399 bella.v
1386 1358 1427 1386 vt
1441 1349 1484 1386 in

827 1403 988 1448 Andria,
1017 1402 1139 1441 Scttus
1156 1417 1245 1455 puer
1266 1402 1313 1454 est
1331 1416 1441 1444 natus
1458 1416 1484 1442 a

828 1457 1035 1511 Pamphilo.
1091 1458 1231 1511 Noster
1255 1462 1356 1510 vero]
1395 1459 1485 1498 Α’πα-

829 1512 982 1558 σιώπησις
1010 1515 1140 1553 tertia:
1173 1527 1273 1566 quae
1291 1512 1489 1565 succurrit„

828 1572 1013 1664 puotiens
1039 1569 1156 1610 verba
1186 1569 1303 1616 rebus
1331 1573 1489 1612 minora‘

846 1637 924 1666 unt.
979 1629 1030 1668 D.
1303 1645 1307 1648 “

887 1740 939 1780 61
981 1738 1114 1777 Amare
1142 1738 1272 1794 coepit]
1301 1740 1393 1788 Ille,
1427 1741 1486 1782 in·

832 1795 934 1846 quit,
963 1794 1133 1835 laudauit
1159 1806 1328 1835 tantum:
1354 1798 1429 1837 Hic
1448 1813 1487 1838 a·

831 1863 936 1890 mare
956 1852 1097 1903 coepit.
1152 1854 1200 1892 Et
1217 1850 1322 1891 bene
1341 1854 1491 1905 Coepit,

834 1919 916 1945 non
946 1910 1113 1946 Amauit:
1144 1919 1182 1946 vt
1209 1908 1382 1952 ostendat
1412 1912 1487 1950 vim

835 1964 975 2002 amoris
996 1976 1078 2002 non
1091 1976 1224 2015 parum
1238 1966 1412 2018 (paruam
1425 1967 1488 2017 Z.)

834 2015 923 2067 esse,
943 2029 984 2058 et
1002 2032 1094 2067 rem,
1114 2032 1217 2071 quae
1234 2017 1350 2062 semel
1379 2019 1488 2060 susci-

834 2076 876 2127 pi
904 2075 1017 2127 possit
1036 2079 1142 2126 (rem,
1164 2089 1256 2128 quae
1277 2077 1391 2126 semel
1404 2077 1491 2128 fies:

836 2142 936 2183 cepta
959 2129 1067 2184 poffit
1097 2134 1226 2185 augeri
1260 2134 1328 2183 Z.).
1387 2135 1486 2173 Scin’

835 2188 993 2241 quamZ]
1033 2185 1284 2233 Α’πσσιαῖπησις,
1333 2200 1408 2238 qua
1444 2190 1488 2229 in

837 2242 1118 2281 narrationibus
1142 2243 1183 2281 in
1214 2244 1491 2294 compendium

836 2299 1046 2338 Terentius
1101 2300 1153 2337 vti
1203 2295 1306 2337 solet.
1392 2300 1507 2340 Scin*

839 2365 946 2405 quam
961 2353 1005 2406 ?]
1034 2356 1177 2392 Amare
1195 2354 1333 2405 coepit,
1356 2352 1491 2395 subau-

840 2409 953 2447 ditur.
1005 2408 1090 2462 Quo
1121 2409 1272 2460 euadat,
1303 2412 1402 2461 vide]
1440 2411 1490 2451 E·

838 2465 976 2511 uadat,
1015 2466 1229 2515 perueniat.
1284 2470 1381 2506 Nam
1406 2481 1491 2508 eua-

840 2519 944 2583 dere,
974 2521 1027 2559 est
1055 2534 1124 2571 per
1150 2520 1335 2563 obstantia
1355 2537 1490 2576 perue-

837 2589 938 2615 mre.
996 2580 1049 2618 D.

891 2686 977 2742 Qo
997 2688 1148 2740 euadat,
1177 2689 1276 2742 vide]
1305 2692 1398 2742 Quo
1427 2706 1489 2733 res

836 2746 1054 2797 perueniat,
1071 2747 1351 2786 animaduerte.
1392 2753 1433 2790 E.
