1875 3308
624 192 922 239 ADELPH.

1353 202 1443 248 ¹47

212 323 310 373 Μι.
347 326 415 371 Sic
447 321 520 370 est.
561 321 657 367 AF..
695 323 902 368 Miletum
934 315 1062 379 vsque
1097 313 1303 361 obsecro?
1339 313 1441 362 Ml.

308 403 380 446 ita.
421 396 519 443 ΑΕ.
566 401 713 443 animo
743 389 915 443 male'st.

211 475 331 540 Quid
364 474 505 539 ipsae?
548 473 651 536 quid
687 472 838 518 aiunt?
875 464 976 514 Μι.
1006 465 1113 529 quid
1146 462 1242 512 istas
1264 463 1438 512 censes?

310 550 420 596 nihil
442 552 573 594 enim.

211 629 472 673 Commenta
491 637 627 670 mater
649 621 721 676 est,
744 618 826 666 effe
847 636 897 665 ex
914 616 997 664 alio
1017 619 1127 669 viro,

212 701 370 749 Nescio
393 717 495 764 quo,
520 714 708 764 puerum
730 709 905 750 natum3
935 709 1077 756 neque
1102 708 1204 738 eum
1216 692 1436 738 nominat:

116 793 176 841 25
210 779 406 824 Priorem
432 772 513 821 effe
534 775 671 826 illum,
694 789 784 818 non
807 780 1013 835 oportere
1035 768 1137 813 huic
1163 766 1269 812 dari.

212 854 258 900 A
274 865 314 897 f..
356 852 481 908 Eho,
512 841 661 897 nonne
682 850 787 894 haec
807 843 914 892 iusta
933 844 1013 891 tibi
1033 843 1237 891 videntur
1258 839 1438 907 postea?

79 1069 218 1114 locale.
276 1071 389 1114 Hem!
418 1083 461 1108 vt
480 1071 662 1124 virginem
668 1065 734 1118 se-

81 1143 159 1168 cum
181 1126 367 1180 nachan]
396 1127 470 1165 Hic
490 1128 608 1164 acrius
636 1137 735 1163 com-

80 1185 229 1224 moneri
254 1182 428 1235 proditur
447 1179 683 1228 adolescens,
698 1190 736 1218 vt

80 1239 219 1280 affeeiu
246 1239 426 1288 fateatur,
471 1237 576 1290 quod
609 1235 735 1278 verbis

81 1307 210 1349 negat.
267 1295 318 1334 D.
409 1292 411 1295 ’

137 1419 188 1450 21
228 1407 290 1446 Sic
317 1404 375 1458 est.
421 1404 596 1445 Miletum
627 1403 740 1456 vfilue

84 1462 261 1514 obficro?
299 1465 366 1502 ita.
400 1465 521 1500 animo
561 1460 650 1499 male
679 1459 739 1511 est.

80 1521 151 1561 lue
168 1518 312 1558 oblitus
333 1516 405 1564 sui,
436 1517 485 1555 fic
503 1516 739 1570 indignatur,

81 1587 122 1615 vt
141 1577 183 1615 in
201 1589 243 1614 re
263 1575 431 1627 propria.
455 1572 516 1611 hic
539 1569 659 1612 rursus
670 1571 739 1610 cal-

82 1631 152 1671 lidi
173 1632 272 1683 (alii,
304 1628 463 1679 callide)
484 1629 588 1666 vultu
611 1628 740 1677 vtitur,

82 1698 266 1738 tanquam
284 1686 410 1724 aliena
422 1684 619 1723 narrantis.
663 1684 740 1722 Mi-

82 1744 197 1784 letum
231 1742 343 1795 vsque
377 1739 579 1794 obficr03]
629 1741 739 1778 Bene

85 1799 220 1853 Vsque.
277 1800 374 1837 Nam
397 1795 554 1835 Miletos
584 1794 738 1833 colonia

84 1855 139 1895 est
176 1852 475 1896 Atheniensium
518 1854 558 1891 in
601 1853 738 1890 Ponto.

85 1914 222 1951 Animo
258 1909 350 1948 male
369 1908 440 1962 est]
484 1909 617 1947 Animo
647 1909 741 1945 male

79 1966 167 2020 fieri
185 1966 336 2013 dicitur,
356 1977 476 2016 quum
491 1964 564 2002 ἰξὶιι
583 1963 740 2002 alicuius

87 2022 276 2062 moeroris
332 2017 524 2071 perculsus
578 2021 742 2066 animus,

87 2092 169 2119 non
198 2074 354 2116 sustinet
373 2088 532 2127 corpus:
560 2072 744 2127 sequitur-

88 2147 166 2189 que
187 2133 297 2172 ruina
316 2131 591 2171 membrorum.
635 2132 685 2170 D.

143 2257 196 2287 22
223 2243 329 2298 Qid
343 2243 470 2296 ipsae?
490 2241 579 2296 quid
595 2241 744 2296 aium]

88 2302 180 2343 Non
214 2301 337 2340 statim
371 2299 492 2338 credit
528 2295 743 2340 Aeschinus

89 2357 271 2413 pudicam
300 2366 462 2394 matrem
487 2352 648 2393 familias
677 2353 742 2393 sta·

88 2415 161 2453 tim
187 2409 404 2452 consentire
434 2412 474 2452 in
498 2411 650 2461 nuptias
678 2423 745 2448 no-

89 2482 158 2509 uas
181 2469 248 2507 viri
268 2467 407 2520 ignoti.
459 2465 660 2521 Quidtstas
671 2479 748 2504 cen·

77 2524 198 2579 fist]
233 2522 332 2575 Poffe
354 2522 490 2570 dicere,
519 2520 746 2562 subaudien-

93 2581 197 2621 dum.
266 2578 381 2619 Nihil
421 2578 548 2639 enim]
587 2578 747 2624 Dicunt,

93 2633 412 2677 subaudiendum.
449 2645 487 2672 et
524 2636 571 2673 hc
610 2634 750 2673 intelli-

94 2692 269 2747 gendum
287 2689 417 2742 Nihil,
454 2702 537 2730 non
568 2688 674 2742 quod
700 2700 750 2730 ta-

1332 920 1442 969 M1.

784 1075 923 1111 ceant;
951 1061 1016 1104 sed
1043 1061 1149 1115 quod
1177 1060 1277 1102 nihil
1302 1059 1441 1100 confir-

782 1123 964 1161 mationis
989 1119 1147 1169 habeat,
1187 1119 1228 1159 id
1255 1117 1361 1170 quod
1387 1116 1442 1156 di-

784 1188 888 1218 cunt.
944 1181 997 1218 D.
1149 1185 1152 1187 “

841 1233 1024 1276 Meliores
1054 1229 1143 1271 libri
1168 1242 1241 1283 pro
1267 1227 1357 1282 Istas
1382 1227 1441 1268 ha-

787 1289 885 1329 bent
901 1289 997 1330 Illas.
1050 1290 1090 1328 B.

845 1413 896 1454 23
947 1401 1158 1441 Commenta
1205 1410 1326 1438 mater
1372 1394 1446 1451 cst]

789 1460 900 1498 Nunc
920 1456 1014 1495 dicit
1039 1455 1132 1507 quid
1155 1454 1264 1495 dicat.
1322 1455 1449 1493 Etiam

792 1514 1002 1554 Commenta
1024 1513 1130 1559 dixit,
1162 1510 1201 1549 id
1221 1508 1285 1558 est,
1308 1507 1449 1548 fallaci-

789 1583 850 1609 am
873 1565 1111 1616 confinxiffe,
1129 1565 1331 1605 verisimile
1344 1577 1450 1603 com-

788 1622 950 1664 minisci.
1008 1622 1070 1663 Ex
1112 1622 1184 1660 alio
1221 1625 1322 1672 viro]
1367 1623 1449 1660 lam

789 1681 839 1720 de
887 1681 1064 1732 proximo
1117 1678 1242 1731 tangit
1290 1674 1449 1717 Aeschi-

788 1749 893 1776 num.
952 1737 1000 1775 D.

843 1803 895 1842 25
928 1791 1096 1832 Pr1'orem
1114 1789 1177 1843 ‘ff‘
1198 1788 1317 1842 illum]
1343 1789 1450 1828 Mire

788 1848 919 1888 traciat
967 1849 1084 1887 etiam
1128 1857 1255 1899 partes
1292 1842 1448 1885 Aeschi-

790 1906 845 1944 ni.
898 1907 951 1946 D.

844 1963 897 2003 26
925 1960 1057 2000 Nonne
1085 1957 1171 1997 haec
1196 1956 1284 2008 iusta
1305 1955 1379 1996 tibi
1395 1958 1449 1994 vi-

791 2018 937 2064 demur,
958 2014 1128 2068 postea?]
1173 2015 1327 2055 Scilicet
1371 2012 1448 2059 illa,

792 2084 895 2125 quae
924 2073 1069 2111 amicus
1097 2081 1185 2108 tuus
1211 2069 1357 2108 dixerat
1375 2068 1451 2119 pri·

793 2141 848 2174 us,
874 2141 987 2180 quam
1009 2127 1103 2167 haec
1130 2126 1294 2166 audires.
1351 2121 1451 2173 Iusta

792 2183 884 2238 tibi]
914 2183 1010 2234 Iusta
1032 2195 1131 2235 quae
1151 2182 1280 2232 postea
1301 2179 1450 2226 audisti,

794 2254 909 2294 quam
927 2241 993 2279 illa
1014 2251 1112 2291 quae
1129 2251 1198 2290 pro
1210 2237 1372 2277 Lemnio
1396 2235 1452 2273 di-

794 2296 909 2336 cebas
939 2296 1052 2347 prius.
1110 2299 1187 2334 Aut
1220 2292 1244 2332 fi
1272 2291 1344 2329 hoc
1370 2304 1451 2330 non

795 2352 879 2395 est:
925 2364 1072 2402 quaere
1110 2349 1202 2400 quid
1238 2348 1279 2387 fit
1312 2346 1449 2396 Postea.

795 2407 962 2447 Videtur
988 2408 1094 2446 enim
1117 2405 1244 2456 Postea
1263 2403 1310 2442 fic
1334 2403 1453 2441 abun-

797 2463 889 2503 dare
904 2492 913 2507 ‚
945 2460 1138 2514 quomodo
1158 2459 1352 2500 interdum
1372 2460 1452 2498 Ho-

798 2520 854 2560 die
892 2517 942 2556 de
969 2516 1162 2558 stomacho
1197 2514 1369 2555 adiicitur
1398 2515 1452 2553 lo-

798 2575 964 2628 quentis.
977 2586 1015 2613 vt
1028 2575 1136 2626 Virg.
1148 2575 1269 2627 (Aen.
1283 2585 1330 2621 u,
1343 2572 1455 2623 670.)

799 2631 913 2679 dicit,
951 2631 1152 2683 Nunquam
1188 2642 1307 2668 omnes
1346 2627 1454 2667 hodie

799 2687 1133 2730 moriemur-multi.
1191 2688 1241 2727 D.

939 2744 1032 2784 Ka
