1875 3244
611 165 909 215 HECYRA.

1316 185 1414 235 3¹9

195 292 336 347 ΡΑΜ.
378 298 570 344 Omnem
598 313 693 344 rem
721 296 826 349 scio,
857 304 904 343 vt
926 291 975 341 fit
1003 289 1139 355 gesta:
1176 294 1412 348 adueniens

291 373 438 419 audiui
468 374 628 420 omnia.

194 439 298 494 LA.
335 451 396 494 At
416 446 514 494 istos
537 445 710 495 inuidos
732 446 792 493 Di
811 443 1018 511 perdant,
1054 447 1130 510 qui
1150 444 1255 494 haee
1276 447 1410 499 liben-

289 533 357 569 ter
378 522 611 572 nunciant!

102 613 164 650 ιο
196 595 343 647 PAM.
385 601 481 658 Ego
511 612 582 644 me
611 596 694 644 scio
727 592 900 650 cauisse,
931 611 988 643 ne
1017 593 1100 643 vlla
1128 598 1286 649 merito
1305 615 1411 647 con-

292 673 469 719 tumelia

195 749 314 795 Fieri
337 765 359 793 a
378 747 501 795 vobis
523 743 683 812 poss‘et:
717 745 848 810 idque
866 742 898 792 fi
918 761 1036 793 nunc
1068 762 1311 796 memorare
1340 749 1419 798 hie

294 823 437 875 velim,

196 900 344 952 Quam
374 895 491 943 fideli
519 898 690 950 animo,
726 906 769 943 et
798 896 990 959 benigno
1019 898 1066 943 in
1088 896 1229 951 illam,
1265 908 1308 946 et
1331 899 1414 949 cle·

293 972 428 1018 menti
457 970 534 1024 fui,

196 1050 314 1096 Vere
348 1043 544 1110 possum:
590 1048 638 1094 ni
669 1056 712 1094 te
735 1062 785 1093 cx
806 1045 892 1112 ipsa
912 1046 1016 1093 haec
1035 1048 1171 1108 magis
1193 1048 1325 1096 velim
1346 1046 1415 1100 re?

294 1120 476 1168 sciscere.

197 1198 405 1259 Namque
437 1213 490 1243 eo
518 1193 656 1261 pafiio
680 1212 880 1245 maxume
908 1197 1024 1264 apud
1054 1206 1096 1245 te
1115 1214 1216 1246 meo
1245 1201 1326 1248 erit
1342 1202 1412 1251 in·

295 1273 427 1334 genio
456 1269 576 1326 fides,

124 1495 175 1539 18
209 1489 360 1532 Omnem
378 1504 452 1530 rem
465 1489 570 1542 flia,
603 1502 646 1530 vt
660 1489 714 1542 fit

65 1545 182 1602 gesta]
214 1547 512 1600 Vix-g.(Aen.u,
532 1547 591 1598 4.)
626 1547 716 1587 Tro·

71 1604 173 1641 ianas
193 1616 233 1641 vt
252 1615 332 1655 opes
353 1616 388 1641 et
411 1601 642 1642 lamentabile
658 1617 715 1642 n.

66 1670 190 1714 gnum,
212 1656 284 1698 &a
340 1659 391 1697 D.

123 1713 263 1752 Audiui
292 1714 433 1759 omnia]
467 1712 538 1755 Ms.
566 1715 616 1762 R„
642 1713 718 1752 Au·

70 1769 151 1809 diui
177 1771 296 1807 omnia
320 1769 442 1808 modo.
497 1772 538 1810 L.

128 1824 251 1864 Nostri
279 1825 319 1863 in
347 1824 427 1863 fine
459 1824 606 1872 addunt
631 1824 718 1864 Mo·

75 1879 147 1925 ἄν,
172 1892 208 1919 et
235 1882 273 1918 in
299 1892 374 1919 vno
392 1878 513 1933 Regio
546 1879 650 1919 deest
670 1881 719 1918 0-

74 1937 193 1979 mnia,
224 1934 337 1974 reike.
394 1939 492 1976 Nam
521 1936 596 1976 iam
623 1935 718 1975 dixit

76 1991 225 2029 Omnem
243 2003 326 2028 rem.
380 1991 424 2032 Β.

136 2057 184 2097 19
211 2047 262 2084 At
287 2043 369 2096 istos
395 2046 539 2085 inuidos
561 2045 616 2086 Di
636 2059 719 2100 pcr-

77 2099 188 2153 dam]
217 2104 321 2140 Bene
339 2101 499 2150 Inuidos,
521 2103 720 2154 quimatri-

77 2157 212 2194 monio
239 2156 459 2197 inuideant:
489 2170 583 2210 ergo
610 2171 721 2197 reuo-

79 2210 202 2249 canda
231 2223 319 2250 vxor
345 2212 409 2251 est.
461 2215 508 2252 Et
525 2214 622 2252 adeo
641 2227 722 2254 nun

78 2265 214 2318 puduit
247 2267 436 2306 mendacii
470 2266 630 2306 honeste
659 2269 726 2308 de·

78 2319 308 2373 prehensum
332 2319 482 2371 senem,
511 2334 548 2361 vt
571 2324 724 2364 inuidos

79 2377 226 2416 faceret
245 2405 254 2422 ,
304 2378 369 2428 qui
411 2391 500 2418 vera
544 2380 725 2431 prodide-

79 2443 177 2471 rant.
231 2434 278 2472 D.

134 2499 188 2528 20
217 2486 294 2541 Ego
308 2487 447 2538 mefiio
459 2488 598 2540 cauiffi]
619 2487 722 2531 Prin-

81 2543 226 2592 cipium
246 2558 265 2582 a
289 2554 473 2595 tempore,
494 2557 516 2583 a
532 2546 651 2592 diffis,
665 2545 722 2588 *fa-

81 2595 241 2649 aisque,
270 2609 344 2639 tam
369 2596 440 2638 suis
460 2612 571 2651 quam
592 2600 722 2640 aduer-

81 2651 283 2695 sariorum:
317 2663 356 2696 et
381 2653 427 2695 ab
454 2657 621 2705 antona·
648 2659 724 2706 vita

1351 1359 1415 1417 25

765 1500 806 1531 et
823 1487 1022 1541 praesenti.
1078 1484 1161 1547 Ego
1175 1491 1258 1544 fiio
1281 1506 1336 1534 me
1355 1509 1422 1535 ca·
1446 1503 1454 1507 ”

765 1546 858 1598 τιξΙΙὲ,
878 1561 920 1586 ne
936 1547 1008 1586 vlla
1026 1553 1152 1587 merito
1176 1550 1414 1605 contumelia]

763 1606 864 1643 Mure
881 1602 1192 1644 addiditMerito.
1213 1618 1295 1645 non
1307 1607 1417 1646 enim

765 1660 905 1699 cauere
926 1659 1060 1709 inquit,
1078 1658 1248 1699 nefieret
1265 1673 1321 1709 ea,
1341 1675 1415 1713 po-

764 1714 833 1752 tui.
887 1714 1010 1766 Igitur
1037 1715 1144 1766 (Non
1170 1718 1264 1755 enim
1290 1729 1415 1758 cauere

761 1770 876 1823 potui,
894 1772 1024 1822 inquit,
1038 1783 1080 1808 ne
1093 1768 1211 1820 fieret.
1235 1773 1327 1812 Cam·
1347 1776 1415 1828 igi-

764 1827 846 1876 tur)
867 1837 919 1863 ne
936 1827 1074 1874 merito
1094 1824 1215 1877 fieret,
1245 1829 1351 1878 quod
1369 1831 1416 1870 in

765 1894 830 1921 me
848 1879 934 1922 suit,
990 1882 1041 1920 D.

819 1948 869 1979 21
904 1936 1014 1989 quue
1039 1934 1072 1987 fi*
1086 1939 1193 1987 nunc]
1223 1937 1286 1981 Ab
1309 1949 1416 1982 ante-

766 1993 846 2032 aaa
866 1992 952 2031 vita.
1009 1995 1059 2032 D.

820 2060 873 2089 22
902 2048 952 2087 Et
969 2047 1130 2087 clementi
1142 2047 1223 2102 fici]
1248 2051 1319 2089 Pro
1329 2051 1416 2103 fice-

768 2105 852 2143 rim.
885 2103 1138 2142 indicatiuum
1169 2117 1237 2155 pro
1255 2108 1417 2149 coniun-

769 2159 871 2198 &iuo
893 2157 1026 2210 posuit.
1082 2161 1128 2199 D.

822 2216 873 2254 Et
893 2214 1046 2267 benigno
1065 2212 1233 2268 inillam]
1261 2216 1418 2260 Plurimi

769 2279 861 2311 vett.
892 2280 932 2308 et
954 2267 1023 2308 Ms.
1044 2271 1085 2311 R.
1110 2268 1229 2324 Qum
1249 2271 1354 2322 fideli
1378 2291 1420 2314 a.

770 2327 867 2364 nimo
891 2327 930 2363 in
957 2323 1089 2370 illams
1109 2341 1143 2364 ct
1162 2326 1321 2368 clementi
1336 2330 1416 2381 fii„

770 2379 875 2432 quod
893 2380 1018 2419 verius
1033 2391 1136 2430 puto.
1194 2384 1235 2422 L.

826 2447 877 2487 23
907 2437 963 2475 Ni
985 2448 1019 2473 te
1036 2448 1079 2474 ex
1097 2435 1173 2488 ipsa
1193 2437 1279 2477 haec
1296 2445 1416 2497 magis

769 2493 873 2531 velim
904 2490 1104 2542 resciscere]
1130 2500 1332 2541 naemwte.
1364 2500 1415 2538 D.

822 2548 880 2586 Ni
908 2560 941 2586 n
967 2560 1014 2584 ex·
1043 2546 1136 2599 ipJIz]
1173 2552 1220 2590 V.
1249 2552 1296 2594 C.
1329 2553 1421 2608 Ntfi

770 2615 817 2643 ex
835 2600 924 2657 ipsa.
983 2601 1013 2641 L

822 2669 878 2714 24
905 2658 1079 2710 Namque
1099 2671 1141 2699 eo
1163 2662 1270 2715 pac'lo
1289 2677 1416 2704 maxu-

1362 2733 1420 2764 me
