1875 3244
675 137 969 188 ADELPH

1405 141 1499 196 ¹87

269 272 488 329 Facilitate
509 270 621 318 nihil
647 266 729 317 effe
741 268 915 317 homini
929 264 1083 313 melius
1104 279 1247 329 neque
1259 264 1502 310 clementia.

268 349 323 398 Id
355 346 438 396 effe
470 363 640 400 verum,
673 362 723 392 ex
743 361 816 392 me
836 354 964 407 atque
983 358 1035 390 ex
1063 341 1194 390 fratre
1228 342 1367 388 cuiuis
1405 341 1502 387 faci·

367 420 457 471 le'st
482 423 655 471 noscere
669 442 678 467 ε

268 501 349 549 Ille
370 500 487 547 suam
507 499 676 563 semper
694 498 784 560 egit
803 496 935 543 vitam
960 495 1006 539 in
1028 491 1133 545 otio,
1157 493 1203 538 in
1228 492 1468 540 conuiuiis:

177 595 238 630 ιο
273 577 500 627 Clemens,
533 573 752 639 placidus,
790 570 903 618 nulli
931 567 1102 616 laedere
1133 585 1207 621 os,
1250 568 1439 615 arridere
1461 584 1507 613 o-

373 651 551 699 mnibus
566 670 576 696 :

273 729 365 777 Sibi
384 729 510 775 v'uzit:
541 724 619 772 fibi
652 724 844 772 sumtum
880 721 1004 770 fecit:
1041 735 1195 766 omnes
1225 716 1507 776 benedicunt,

372 813 532 850 amant.

273 883 372 942 Ego
397 879 470 925 ille
491 874 680 938 agrestis,
714 873 878 929 saeuos,
910 869 1054 927 tristia
1086 888 1260 939 parcus,
1289 869 1512 918 truculen-

370 965 456 1009 tus,
485 963 627 1007 tenax,

198 1188 228 1230 7
264 1175 480 1232 facilitate]
524 1178 605 1217 Iam
647 1173 805 1216 facilem

145 1233 186 1277 se
205 1233 332 1276 infert.
387 1237 496 1274 Inter
513 1233 748 1274 Facilitatem
766 1242 806 1270 et

146 1291 384 1333 Clementiam
415 1289 489 1330 hoc
513 1289 691 1332 interest:
731 1287 806 1327 Fa-

148 1349 229 1389 cilis
254 1349 373 1395 enim,
394 1347 502 1387 cuius
523 1347 579 1386 ira
597 1345 673 1384 cito
694 1341 807 1383 solui-

148 1416 231 1446 tur:
266 1404 449 1454 Clemens,
482 1403 549 1454 qui
575 1415 659 1441 non
689 1397 810 1439 irasci·

148 1473 224 1502 tur.
280 1462 331 1500 D.

204 1529 232 1571 9
262 1515 328 1556 Ille
350 1515 462 1569 fitam
475 1513 623 1566 fimper
647 1514 726 1568 egit
753 1512 810 1549 vi·

150 1572 249 1627 tam]
279 1574 355 1612 Hic
383 1573 458 1611 iam
487 1567 592 1622 quafi
614 1581 810 1619 compara-

150 1631 233 1668 tiua
254 1629 416 1680 qualitas
435 1626 632 1666 inducitur
651 1623 702 1666 de
717 1633 813 1661 vtro-

151 1698 254 1738 que:
287 1695 326 1724 et
348 1695 385 1723 vt
402 1683 470 1723 ille
490 1683 532 1721 in
556 1680 668 1720 initio
691 1678 814 1718 Fabu-

151 1742 215 1781 lae
246 1741 395 1780 locutus
418 1738 490 1789 est,
516 1737 565 1779 fic
583 1737 628 1777 in
645 1734 725 1776 fine
750 1734 816 1774 hie

150 1798 331 1850 loquitur.
388 1797 438 1837 D.

216 1866 268 1895 10
296 1851 481 1900 Clemens,
509 1848 696 1904 placidus,
722 1844 817 1887 nulli

156 1909 296 1950 laedere
316 1909 376 1963 os]
407 1908 509 1948 Mira
530 1907 692 1945 varietas
717 1916 755 1944 et
773 1905 815 1944 in

157 1967 271 2011 locis,
297 1974 335 2003 et
356 1965 396 2003 in
423 1961 596 2016 partibus
621 1961 815 2001 orationis.

157 2025 206 2063 Et
224 2022 367 2060 clemens
378 2018 444 2066 est,
465 2019 531 2071 qui
543 2018 634 2058 colit
643 2027 816 2058 mentem

157 2077 285 2127 snam,
314 2088 387 2116 nee
408 2088 495 2116 eam
517 2084 631 2115 vexat
658 2070 817 2113 irascen-

161 2134 225 2174 do.
293 2131 472 2180 Clemens,
505 2129 689 2185 placidus]
740 2129 818 2168 Cle-

159 2202 260 2230 mens
285 2188 337 2228 est
370 2189 468 2228 circa
493 2188 597 2227 reEie
630 2197 817 2239 agentes:

160 2246 336 2288 Placidus
348 2246 463 2285 etiam
477 2245 574 2283 circa
586 2243 819 2291 delinquen-

160 2314 232 2343 tes.
287 2304 334 2341 Et
354 2301 544 2342 Clementis
566 2298 621 2338 est
637 2298 734 2337 nulli
745 2297 819 2335 lae-

161 2359 258 2399 dere
287 2370 348 2396 os:
386 2355 546 2404 Placidi,
580 2353 754 2393 arridere
781 2365 820 2390 0-

161 2413 333 2456 mnibus.
388 2415 435 2453 Et
485 2412 633 2451 clemens
673 2410 819 2455 animo,

159 2470 326 2527 placidus
357 2469 478 2507 vultu.
542 2464 655 2507 Nulli
683 2463 822 2505 laedere

162 2536 224 2578 os]
254 2525 294 2566 1d
316 2525 379 2574 est,
407 2524 559 2563 nullum
578 2519 822 2575 praesentem

164 2583 334 2623 laedere.
388 2584 436 2621 Et
466 2579 553 2619 vide
578 2592 694 2631 quam
715 2588 823 2630 grate

1392 1024 1511 1070 Duxi

853 1173 894 1226 (a
914 1170 1120 1213 nominibus
1136 1169 1187 1209 ad
1195 1166 1308 1210 verba
1319 1165 1512 1220 transeat).

853 1229 963 1269 Nulli
983 1229 1123 1268 laedere
1141 1240 1193 1274 ος,
1220 1225 1384 1265 arridere
1401 1226 1517 1263 omni·
1574 1263 1580 1267 ,

856 1284 938 1334 bus]
965 1278 1185 1335 Voluptatis
1204 1281 1362 1321 affefius
1383 1281 1440 1320 est
1450 1279 1517 1319 du·

856 1343 970 1395 plex:
1000 1345 1081 1380 Aut
1109 1340 1217 1377 enim
1238 1351 1288 1377 ex
1307 1338 1439 1388 quiete
1456 1349 1520 1374 vo-

856 1400 983 1450 luptas
1006 1396 1081 1441 est,
1111 1405 1179 1434 aut
1204 1407 1253 1433 ex
1272 1394 1402 1444 aliquo
1422 1393 1517 1432 adiu.

858 1466 954 1508 ergo
979 1452 1040 1491 hic
1070 1461 1271 1501 vtrumque
1295 1451 1520 1502 complexus

859 1509 926 1549 est.
981 1507 1034 1548 Et
1053 1505 1147 1547 nulli
1167 1506 1306 1545 laedere
1321 1508 1377 1554 os]
1405 1504 1520 1546 Adeo

860 1576 899 1605 vt
919 1565 1017 1603 nulli
1036 1561 1076 1603 se
1096 1560 1317 1601 contristem
1334 1560 1462 1601 faciat.
1480 1573 1522 1600 et

859 1620 958 1661 haec
977 1618 1031 1660 est
1049 1619 1176 1673 figura
1192 1617 1372 1668 ἂναδςομιῐ,
1401 1630 1523 1669 quum

862 1676 1096 1717 recurrimus
1130 1687 1202 1727 per
1228 1687 1275 1714 ea
1302 1686 1402 1725 quae
1426 1673 1524 1712 diii-

863 1745 971 1774 mus:
1001 1743 1041 1772 et
1069 1732 1272 1780 ἐξηγητικῶς
1304 1730 1436 1770 omnia
1466 1742 1525 1768 re.

864 1789 986 1844 petita
1003 1785 1101 1828 sunt.
1157 1789 1208 1829 D.

926 1913 977 1944 12
1007 1901 1086 1956 Ego
1121 1897 1182 1939 ille
1210 1897 1377 1952 agrestis]
1418 1899 1527 1938 Bene

867 1957 973 1999 addit
993 1958 1069 2006 Ille,
1089 1955 1191 2008 quali
1209 1957 1283 1995 iam
1305 1966 1430 2000 notus,
1452 1954 1527 1993 hnc

866 2012 947 2067 ipso
965 2013 1072 2066 quod
1097 2013 1204 2052 ferus
1224 2022 1338 2063 atque
1357 2011 1524 2063 agrestis,

866 2075 916 2113 Et
942 2072 1081 2112 Saeuus
1110 2068 1240 2108 saffis:
1286 2065 1419 2117 Tristts
1446 2068 1529 2105 aui—

867 2140 954 2166 mo:
989 2125 1234 2167 Truculentus
1259 2125 1376 2162 vultu.
1431 2125 1529 2162 Eta-

867 2184 957 2223 liter
986 2182 1062 2222 diei
1092 2179 1235 2234 potest,
1267 2175 1447 2229 vrTristis
1473 2179 1528 2225 iit,

868 2240 935 2291 qui
955 2239 1082 2278 dolet:
1119 2235 1368 2277 Truculentus
1389 2245 1429 2273 et
1446 2233 1537 2285 sae--

866 2308 947 2341 uus,
972 2296 1040 2345 qui
1071 2303 1198 2332 terret.
1254 2289 1408 2330 Etideo
1429 2289 1530 2338 αὔξη-

868 2366 917 2394 σις
936 2352 1034 2390 mira
1052 2363 1122 2401 per
1142 2347 1208 2386 ista
1229 2345 1406 2385 decurrit.
1435 2350 1487 2388 D.

923 2405 1110 2459 Agrestis,
1147 2401 1295 2456 fheuos]
1343 2401 1530 2443 Afranius

870 2464 971 2515 apud
997 2462 1196 2504 Nonium:
1233 2457 1371 2510 Vixisti
1404 2459 1531 2510 tristis,

871 2521 997 2564 durus,
1014 2517 1188 2571 diffi'cilis,
1213 2528 1336 2555 tenax.
1379 2515 1530 2567 thuid

880 2574 1016 2627 Trtstis
1036 2575 1108 2613 hoc
1126 2573 1236 2619 loco,
1267 2571 1436 2624 explicat
1456 2575 1532 2613 No.

165 2653 189 2679 a
225 2638 451 2681 nominibus
482 2634 598 2678 verba
630 2631 828 2677 transeant
875 2633 964 2674 nius
987 2632 1030 2673 in
1050 2642 1146 2674 voce
1171 2625 1310 2681 Trrstis.
1366 2630 1407 2671 L.
