1891 3308
640 192 936 241 ADELPH.

1388 211 1450 264 ¹7

104 340 167 390 30
204 324 327 371 Nam
347 323 426 387 qui
444 324 638 378 mentiri,
669 334 742 370 aut
765 323 914 370 fallere
938 319 1118 370 insuerit
1136 332 1328 389 patrem3

203 404 298 446 Aut
319 399 518 447 audebit:
557 410 680 446 tanto
702 401 841 459 magis
862 396 1041 447 audebit
1063 410 1274 449 caeteros-

202 475 379 524 Pudore
398 486 442 523 et
463 475 717 524 liberalitate
737 475 898 523 liberos

203 554 409 599 Retinet-e
432 551 558 599 satius
582 548 665 598 effe
685 551 831 605 credo,
854 568 987 616 quam
1009 560 1149 598 metu.

203 631 327 675 Haec
347 627 469 675 fratri
481 644 655 675 mecum
677 645 768 676 non
788 630 1075 680 conueniunt,
1097 643 1243 692 neque
1254 630 1446 697 placent.

112 720 174 770 35
207 707 344 755 Venit
362 704 416 752 ad
438 721 511 752 me
532 705 670 770 saepe,
702 704 949 758 clamitans:
987 703 1110 760 Quid
1133 707 1239 767 agis,
1270 710 1447 758 Micio?

123 917 179 959 30
222 905 327 947 Nam
353 908 421 962 qui
450 907 622 956 mentiri,
661 920 730 947 aut

61 961 196 1014 fallere
224 964 385 1016 insuerit
403 964 571 1019 patrem]
611 965 729 1016 Sepa-

70 1022 182 1060 ratim
202 1017 515 1061 subaudiendum
526 1021 593 1068 est,
615 1021 730 1072 infice·

68 1079 135 1124 rit,
165 1077 248 1123 πςδς
268 1076 313 1117 ‘rei
332 1079 496 1119 mentiri.
551 1080 600 1119 D.

122 1136 195 1173 Pro
220 1133 376 1186 inficerit
397 1135 462 1174 alii
483 1135 596 1175 codd.
613 1135 730 1187 insite-

66 1190 166 1230 uerit
177 1205 192 1228 .·
218 1191 322 1244 apud
335 1185 575 1234 Martianum
586 1192 729 1246 Capel-

66 1246 144 1285 lam
177 1260 215 1298 p.
251 1252 339 1292 160.
370 1250 589 1305 instituerit.
648 1247 728 1292 Sed

67 1316 139 1355 pro
161 1303 341 1356 infherit,
382 1307 491 1355 cuius
517 1305 645 1346 forma
671 1322 730 1348 re-

67 1372 218 1412 pugnat
235 1359 412 1413 sequenti
428 1361 588 1412 audebit,
618 1375 730 1417 repo-

0 1443 2 1445 -
69 1429 124 1455 ne
145 1419 201 1456 ita
219 1420 277 1457 vti
288 1417 358 1470 fit;
387 1419 425 1459 h.
445 1433 481 1460 e.
506 1432 545 1460 vt
562 1433 645 1458 mos
665 1421 728 1460 est.

68 1472 161 1512 vid.
185 1473 290 1515 And.
315 1486 347 1522 1,
369 1491 395 1525 1,
416 1488 480 1531 53.
508 1479 729 1527 Eu11.1v,2‚

69 1543 108 1572 2.
139 1531 281 1570 Heaut.
301 1545 340 1578 v,
373 1545 412 1579 2,
437 1546 478 1586 4.
533 1537 667 1585 Atque
686 1533 731 1573 il-

69 1585 137 1625 lud
159 1589 238 1626 Aut
267 1584 465 1640 sequentis
485 1586 614 1629 versus
642 1589 733 1632 dele

69 1655 158 1681 cum
192 1643 512 1697 interpunfflone
538 1645 624 1698 post
654 1648 732 1687 Pa·

68 1712 174 1740 trem.
231 1703 274 1742 B.

124 1767 174 1809 31
210 1756 399 1811 Caeteros]
434 1757 541 1808 Quia
568 1757 645 1798 iam
665 1757 730 1798 de-

68 1813 215 1866 ceperit
239 1825 401 1866 patrem.
458 1817 508 1855 D.

127 1883 180 1924 32
217 1871 370 1911 Pudore
409 1884 448 1910 et
486 1869 730 1927 liberalitate]

69 1927 231 1977 Pudore,
260 1927 308 1967 ad
328 1926 427 1967 filios
445 1929 594 1968 retulit:
625 1927 733 1968 Libe-

69 1984 234 2033 mutate,
244 1985 291 2023 ad
302 1995 494 2037 parentes.
513 1990 734 2039 Argumen-

72 2051 155 2079 tum
173 2055 193 2080 a
213 2042 453 2095 coniugatis:
476 2040 732 2089 Liberalitate,

73 2097 213 2148 inquit,
239 2097 406 2151 regendi
435 2096 541 2138 sunt:
573 2111 734 2153 propter

73 2152 182 2204 quod
200 2153 310 2194 liberi
330 2154 520 2196 dicuntur.
579 2156 732 2196 Libera-

76 2209 217 2249 litatem
246 2223 394 2262 autem‚
432 2211 652 2254 bonitatem
679 2213 732 2253 di·

76 2266 142 2305 cit.
199 2267 248 2306 D.

132 2321 282 2363 Pudore
308 2335 344 2363 et
373 2321 616 2380 liberalitate]
646 2326 733 2367 Me·

74 2377 249 2425 nander:
278 2381 331 2418 ου’
348 2384 402 2418 δεῖ
418 2380 575 2420 aeeon-dura
593 2382 637 2420 τὸ
657 2400 732 2421 παι·

75 2439 184 2482 δάςιον
212 2436 349 2485 δρθοῦν,
378 2436 473 2476 Α’λλᾶ
500 2441 656 2481 πειθξντοι
684 2457 729 2479 τι.

75 2490 264 2532 Themist.
299 2492 503 2545 Euphrada
541 2497 649 2535 Orat.
692 2508 729 2549 ς.

74 2553 169 2587 αἰδοῖ
190 2551 313 2592 μᾶλλον
333 2546 428 2595 ᾦόντο
456 2555 522 2593 δεῖν
547 2559 602 2589 καὶ
624 2551 731 2602 εὖνοίᾳ

75 2612 194 2654 πλέον,
228 2602 249 2648 1'5‘
276 2602 540 2656 φόβῳίκατέχειν
565 2608 630 2653 ‘reia
650 2607 732 2653 ὅπη-

77 2660 167 2705 κόες.
223 2660 332 2701 Idem
344 2664 450 2704 Orat.
462 2677 515 2712 x1,
534 2678 626 2735 pag>
635 2676 729 2719 254.

75 2723 170 2767 αἰδοῖ
199 2721 323 2767 μᾶλλον
362 2719 387 2762 *Y
420 2718 518 2769 φόβῳ
549 2738 729 2770 χρωμενον.

129 2776 210 2819 Ter.
225 2775 265 2816 C.
284 2776 394 2820 RH.

1296 819 1301 823 -
1353 789 1452 835 Cur

779 903 967 946 Afranius
978 903 1081 959 apud
1096 909 1142 948 A.
1153 907 1325 949 Gellium
1333 911 1369 951 N
1372 911 1445 952 oet.

778 962 866 1003 Αξὶ.
887 977 946 1011 xv,
971 976 1032 1017 13.
1063 965 1160 1004 Hem
1172 964 1448 1017 tstoparentum

779 1018 827 1071 est
845 1021 924 1059 vita
934 1019 1018 1070 vilis
1038 1019 1188 1064 liberin·
1207 1021 1284 1062 Vbi
1300 1024 1446 1066 malunt

781 1078 909 1124 metui,
927 1090 1035 1129 quam
1046 1081 1169 1118 vereri
1177 1077 1314 1130 abfia‘s.
1343 1084 1385 1122 L.

833 1144 885 1187 33
917 1134 1090 1174 Retinere
1096 1134 1228 1186 satius
1239 1134 1301 1188 effi·
1313 1136 1445 1195 credo]

776 1189 888 1230 Beue
916 1190 1116 1230 Retinere.-
1165 1206 1187 1232 a
1214 1193 1316 1232 vitiis
1350 1193 1448 1235 scili·

777 1256 848 1286 cet.
859 1259 951 1287 nam
962 1248 1053 1287 vitia
1062 1246 1162 1288 filios
1174 1259 1335 1290 tenent:
1347 1263 1449 1303 quos

777 1303 954 1343 retinent
980 1315 1130 1357 patres,
1173 1320 1196 1346 a
1221 1306 1323 1346 vitiis
1351 1305 1447 1348 scili-

779 1370 852 1398 cet.
909 1363 1009 1402 Nam
1039 1364 1190 1408 retinet,
1215 1364 1284 1415 qui
1310 1363 1447 1405 aduer-

781 1413 862 1454 sum
883 1417 1057 1467 aliquem
1085 1429 1209 1458 tenet.
1270 1420 1320 1459 D.

839 1484 894 1525 34
932 1473 1033 1512 Haec
1048 1475 1179 1527 fratri
1204 1488 1342 1515 mecum
1367 1489 1445 1516 non

782 1530 1027 1584 conueniunt]
1065 1533 1179 1571 Noua
1206 1531 1364 1571 locutio.
1402 1544 1446 1573 et

782 1585 921 1637 (Noua
941 1586 1077 1626 locutio
1089 1586 1147 1639 est,
1170 1590 1234 1640 Z.)
1257 1589 1352 1628 Non
1363 1602 1445 1629 con·

781 1643 955 1687 ueniunt,
987 1655 1058 1695 pro
1092 1656 1176 1682 non
1195 1656 1445 1698 congruunt:

782 1710 827 1736 ac
845 1711 913 1748 per
930 1697 1019 1749 hoc,
1040 1699 1085 1738 In
1103 1699 1163 1738 his
1181 1714 1249 1754 ego
1267 1715 1302 1740 et
1311 1701 1445 1752 frater

781 1754 1028 1807 dissentimus,
1060 1756 1102 1796 id
1131 1755 1206 1807 est,
1244 1756 1445 1799 diffimiles

782 1809 922 1853 sumus.
979 1816 1028 1853 D.
1370 1854 1373 1857 ,

836 1880 890 1923 35
924 1869 1037 1910 Venit
1065 1870 1116 1909 ad
1139 1883 1194 1909 me
1208 1869 1340 1925 fizepe‚
1373 1872 1444 1912 cla·

780 1926 934 1980 mirans]
966 1930 1015 1967 Et
1042 1926 1376 1979 importunitatem
1401 1942 1446 1968 o·

783 1979 931 2022 diosam
951 1983 1132 2035 ostendit,
1160 1984 1224 2023 Ad
1239 1999 1294 2024 me
1312 1984 1445 2026 dicen-

784 2039 857 2078 do:
905 2050 943 2080 et
977 2041 1219 2079 inconditam
1253 2041 1444 2082 affiduita-

785 2105 875 2144 tem,
906 2095 1090 2137 addendo
1106 2098 1226 2151 Saepe.
1285 2101 1334 2138 Et
1351 2111 1445 2138 con·

781 2165 888 2206 grue,
909 2153 1109 2204 postquam
1127 2153 1239 2206 Saepe
1258 2153 1366 2202 dixit,
1378 2154 1445 2194 ad·

779 2209 871 2249 iecit
895 2210 1022 2262 aptius
1058 2210 1240 2258 verbum,
1274 2224 1356 2250 non
1387 2212 1446 2251 di-

784 2277 880 2304 cens
907 2266 1098 2313 clamans,
1129 2264 1194 2306 secl
1220 2266 1440 2309 Clamitans.

781 2321 890 2376 Qid
910 2326 1009 2378 agis,
1036 2324 1214 2379 Micio?]
1253 2321 1444 2364 Reminis-

782 2391 872 2418 cere
890 2379 1111 2428 lectionem,
1131 2391 1170 2420 et
1189 2381 1372 2421 inuenies
1384 2382 1447 2420 in·

782 2437 1087 2490 tei-rogationem
1106 2434 1347 2484 huiusmodi,
1381 2437 1442 2477 vel

778 2492 1014 2532 inuefflonis
1042 2493 1236 2546 principio
1254 2496 1442 2534 conueni-

780 2562 824 2588 re
845 2550 906 2588 vel
927 2548 1220 2602 obiurgationis.
1276 2553 1325 2592 D.

831 2610 904 2648 Pro
935 2606 1130 2646 clamitans
1160 2604 1290 2646 versus
1327 2604 1438 2648 causa

780 2661 947 2702 rescribe
974 2662 1131 2706 clamans
1140 2690 1152 2712 ,
1176 2664 1228 2703 vti
1251 2662 1354 2704 infra
1380 2675 1440 2714 ιν,

778 2731 826 2775 7,
851 2735 888 2776 9.
946 2721 988 2760 Β.
