1875 3292
390 227 488 278 340

777 213 938 263 ACT.
967 215 1043 261 IV.
1083 213 1281 263 SCEN.
1317 214 1376 263 ΙΙ.

529 337 703 399 Celare,'
717 359 858 410 quum
880 342 981 391 sciet
1002 342 1194 392 alienum
1214 359 1406 410 puerum
1428 342 1522 392 tolli
1534 361 1620 412 pro
1642 345 1735 396 suo.

467 491 778 548 Achs
835 489 1199 553 QVARTI
1257 465 1562 546 SCENA
1624 492 1697 549 11.

696 581 1043 625 SOSTRATA.

1098 581 1473 623 PAMPHILVS.

388 711 490 829 N
506 736 533 767 o
554 735 587 767 N
630 713 742 768 clam
764 735 835 765 me
862 715 935 776 est,
959 724 1087 779 gnate
1109 718 1185 773 mi,
1209 716 1290 770 tibi
1308 733 1381 766 me
1402 712 1487 765 effe
1513 712 1773 785 suspefi‘tamss

723 810 903 845 onrem
924 804 1044 842 tuam

449 1019 503 1062 61
533 1016 661 1073 Quum
676 1016 774 1070 fiiet
799 1017 958 1058 alienum
976 1029 1061 1071 pue-

392 1085 478 1114 rum
497 1075 577 1114 tolli
591 1086 660 1127 pro
692 1074 779 1128 fico]
810 1079 898 1116 Non
923 1074 1056 1126 solum,

394 1131 538 1182 inquit,
561 1131 643 1169 tolli
655 1144 772 1185 aegre
782 1130 881 1171 feret
892 1133 1059 1181 alienum,

394 1199 532 1228 verum
551 1187 665 1226 etiam
679 1200 751 1241 pro
761 1188 849 1239 fito.
907 1190 957 1228 D.

454 1256 473 1286 1
513 1244 605 1282 Non
631 1243 727 1284 clam
762 1259 818 1284 me
840 1242 909 1295 est,
944 1257 1055 1300 gnate

390 1300 463 1355 mi]
492 1302 539 1341 ln
559 1298 630 1338 hac
654 1303 796 1350 Scena,
840 1302 945 1340 velut
964 1314 1054 1352 qua-

390 1357 478 1396 litas
510 1357 716 1409 negotialis
756 1358 796 1396 iu
833 1355 1053 1410 disputatio-

390 1425 486 1452 nem
510 1413 642 1452 venit:
670 1412 864 1452 iustumne
883 1413 925 1453 {it
941 1426 1054 1466 repu-

392 1469 490 1508 diari
528 1469 738 1523 coniugem
768 1467 886 1515 causa
913 1471 1051 1519 matris,

392 1535 434 1564 et
462 1527 622 1564 omnino
649 1526 744 1576 quid
774 1524 858 1565 fieri
894 1526 1047 1566 debeat.

393 1580 492 1620 Non
510 1580 616 1634 clam]
645 1584 749 1622 Vero
771 1582 914 1621 ordine
934 1597 952 1621 a
965 1597 1051 1635 pur-

392 1637 552 1689 gatione
580 1634 634 1674 sui
662 1638 799 1687 incipit
826 1649 949 1676 mater
975 1638 1050 1677 abi*

390 1702 496 1731 tura:
538 1704 590 1730 ne
621 1691 726 1742 quod
763 1690 944 1740 discedit,
985 1695 1051 1733 ira-

389 1747 558 1787 cundiae
567 1750 642 1799 (ne,
666 1760 774 1800 quum
793 1748 955 1801 dfieclit,
975 1750 1050 1788 ira-

391 1805 508 1844 cunda
536 1804 597 1855 Z.)
627 1803 814 1843 videatur.
879 1803 965 1842 Tibi
996 1820 1050 1844 me

389 1860 454 1912 eff&
463 1859 688 1913 fitspecilam]
721 1860 761 1899 ld
779 1859 843 1909 est,
874 1861 912 1899 in
931 1858 1049 1912 suspi-

390 1919 549 1956 cionem
584 1913 737 1956 venifl'e.
799 1917 961 1956 onrem
991 1930 1048 1956 tu-

389 1988 452 2013 am
467 1983 624 2026 propter
642 1986 739 2012 meos
758 1986 875 2012 morer
896 1972 1047 2013 hincab-

389 2029 466 2082 iffi]
496 2029 678 2068 Blandius
711 2029 875 2068 onrem
908 2029 1047 2081 fignifi-

389 2087 489 2133 lIcat,
515 2098 627 2138 quam
650 2085 675 2125 {i
696 2085 842 2124 diceret
867 2085 1045 2125 PhiIumc-

389 2156 489 2182 nam.
546 2146 594 2183 Et
620 2142 775 2192 Mores,
808 2143 965 2194 proprie
992 2140 1045 2181 se-

390 2212 486 2239 num
516 2198 718 2237 dicuntur:
750 2198 856 2237 vnde
876 2199 1044 2238 Seuer-‘tus

387 2255 541 2305 morosiz,
561 2266 599 2293 et
610 2254 765 2305 Morofi'
777 2254 951 2302 homines,
976 2255 1044 2306 qui

387 2309 440 2351 sui
460 2309 652 2350 cuiusdam
670 2312 788 2350 moris
806 2310 905 2352 sunt.
938 2313 989 2352 D.

441 2369 535 2407 Non
562 2367 649 2407 clam
678 2382 732 2406 me
749 2368 816 2419 cst,
845 2381 958 2422 gnate
979 2369 1041 2414 mi,

387 2423 458 2462 tibi
484 2438 537 2462 me
566 2424 628 2476 effe
649 2423 873 2479 fiaspcc'lszm]
913 2428 1043 2465 Mater

387 2479 548 2518 Sostrata
569 2482 766 2532 comperit,
795 2481 1043 2533 Pamphilum

387 2536 529 2574 idcirco
555 2537 658 2575 nolle
678 2537 862 2577 reducere
873 2551 1042 2586 vxorem,

388 2590 493 2642 quod
518 2593 630 2630 vellet
652 2595 952 2633 marrisiniurias
964 2594 1044 2631 vin-

388 2648 528 2686 dicare.
589 2648 723 2687 Credit
763 2651 869 2689 enim
916 2650 1043 2703 iurgio

385 2704 514 2744 matris
533 2705 707 2756 puellam
733 2703 942 2747 disceistss‘e.
996 2708 1043 2748 Et

1658 874 1769 919 Pro-

1109 1017 1184 1059 hoc
1206 1019 1325 1073 igitur
1343 1017 1504 1071 proprie
1526 1016 1610 1071 agit
1629 1020 1775 1063 mater,'

1110 1077 1162 1115 ¹§ti
1183 1090 1247 1115 rus
1265 1072 1344 1128 ipsa
1366 1073 1544 1123 discedat,
1568 1072 1593 1113 fi
1612 1082 1773 1124 propter

1108 1130 1370 1185 praesentiam
1399 1130 1518 1184 (adde
1546 1129 1662 1169 Suam
1700 1129 1774 1181 Z.)

1107 1202 1203 1228 vxor
1238 1188 1368 1228 redire
1411 1200 1494 1226 non
1532 1186 1623 1227 vult.
1691 1181 1774 1224 Sed

1107 1257 1197 1284 cum
1217 1247 1318 1298 (erat
1345 1245 1412 1296 Z.)
1441 1244 1515 1284 alia
1535 1238 1644 1282 causa
1659 1244 1772 1282 Pam-

1104 1300 1222 1354 philo,
1250 1313 1354 1354 quae
1373 1310 1580 1353 repugnat.
1636 1297 1708 1337 llle
1727 1308 1771 1336 e-

1102 1358 1188 1397 nim
1225 1368 1432 1410 propterea
1476 1368 1558 1394 non
1601 1352 1768 1402 reducit,

1102 1415 1191 1465 quia
1217 1426 1354 1466 parere
1378 1413 1549 1466 puellam
1575 1409 1695 1458 vidit,
1725 1418 1767 1449 et

1100 1468 1307 1523 suspicatur
1327 1482 1377 1509 ex
1400 1470 1497 1514 ali03
1526 1464 1592 1506 sed
1611 1466 1685 1505 hoc
1701 1477 1766 1504 ce-

1099 1528 1164 1567 lat.
1223 1527 1298 1568 Hic
1333 1538 1430 1579 ergo
1457 1526 1500 1564 iu
1531 1523 1604 1563 hac
1634 1523 1768 1563 Scena'

1099 1583 1266 1623 iustitiae
1305 1583 1479 1622 trattatus
1511 1580 1585 1628 est,
1616 1589 1763 1630 τις-ρει·

1101 1639 1326 1690 qualitatem
1358 1637 1596 1690 negotialem
1627 1635 1675 1673 ab
1710 1645 1762 1672 eo

1101 1694 1204 1744 quod
1224 1693 1307 1732 fieri
1326 1692 1465 1731 deceat
1484 1691 1646 1742 amplius
1673 1702 1762 1741 pur-

1100 1761 1165 1802 gat
1184 1746 1233 1795 se,
1258 1749 1365 1787 nulla
1384 1745 1445 1786 sua
1464 1747 1576 1796 culpa
1602 1744 1762 1794 saelum,

1100 1807 1152 1843 vti
1184 1818 1278 1843 vxor
1306 1804 1424 1842 domo
1450 1800 1683 1848 discederet,
1718 1811 1760 1840 vt

1097 1863 1159 1913 (et,
1197 1862 1257 1908 Z.)
1305 1860 1440 1899 odium
1489 1856 1546 1898 sui
1590 1867 1760 1910 caperet.

1097 1920 1186 1956 Hoc
1204 1931 1273 1969 per
1291 1916 1551 1956 conie'c‘turam
1572 1915 1759 1967 tangitur,

1099 1984 1138 2012 et
1156 1987 1274 2024 quam
1304 2005 1313 2014 .
1343 2004 1351 2012 .
1387 1971 1454 2024 (ad
1480 1985 1588 2025 quam
1600 1968 1760 2021 firman·

1096 2031 1179 2069 dam
1222 2033 1283 2082 Z.)
1336 2029 1438 2068 valet
1481 2026 1759 2074 iusiurandum,

1095 2085 1200 2137 quod
1221 2086 1357 2139 ponit:
1388 2087 1448 2125 Ita
1474 2098 1528 2124 me
1546 2083 1602 2123 Di
1619 2095 1758 2131 ament,

1095 2145 1220 2195 itaque
1257 2141 1457 2197 ohtmgant
1493 2155 1541 2180 ex
1570 2152 1625 2189 te,
1664 2152 1758 2192 quae

1095 2210 1230 2250 exopto
1252 2199 1353 2247 mihi,
1375 2212 1418 2237 vt
1437 2210 1622 2250 nunquam
1631 2195 1756 2248 fiiens

1095 2257 1313 2301 commerui,
1337 2257 1485 2294 ·mer1'to
1531 2267 1575 2293 vt
1612 2264 1756 2306 caperet

1093 2312 1217 2351 odium
1237 2311 1335 2351 Illam
1355 2313 1436 2350 mei.
1497 2309 1674 2360 Qualitas
1691 2321 1757 2347 au·

1091 2379 1170 2408 tem
1196 2368 1400 2421 negotialis
1428 2366 1565 2405 traftus
1592 2363 1755 2422 (Quali-

1092 2427 1183 2466 tatis
1213 2437 1332 2463 autem
1364 2436 1445 2478 neg.
1471 2423 1651 2463 tractatus
1682 2422 1755 2473 Z.)

1094 2482 1159 2520 ine
1188 2480 1259 2520 est:
1289 2480 1400 2519 Nunc
1429 2478 1500 2517 tibi
1526 2491 1581 2516 me
1611 2489 1752 2517 certum

1093 2537 1140 2589 est
1168 2548 1296 2576 contra
1324 2537 1492 2590 gratiam
1517 2533 1674 2584 reftrre,
1703 2545 1752 2574 vt

1093 2594 1190 2646 apud
1214 2607 1269 2631 me
1293 2595 1498 2644 praemium
1515 2589 1576 2642 effe
1589 2588 1751 2641 positum

1090 2651 1242 2701 pietatis
1254 2649 1366 2697 fiius.
1426 2651 1475 2688 Et
1492 2657 1606 2697 quam
1617 2646 1753 2698 (quum

1090 2707 1155 2759 Z.)
1194 2705 1311 2746 veluti
1345 2705 1470 2745 vicem
1495 2700 1753 2744 deliberantis

1629 2770 1753 2812 tenet,
