1875 3308
604 208 906 256 ADELPH.

1352 222 1418 269 45

187 342 357 387 Verum
389 338 508 384 enim
540 338 717 402 quando
736 337 850 408 bene
870 335 1132 401 promeruit,
1163 331 1259 382 fiat:
1296 334 1423 384 suum

284 416 352 459 ius
375 413 574 477 postulat.

187 492 309 549 Age,
346 490 433 534 iarn
466 492 612 554 cupio,
645 485 676 534 fi
705 486 840 535 modo
873 496 1105 548 argentum
1140 485 1306 533 reddat.
1350 484 1422 534 sed

286 579 371 624 ego
393 565 478 610 hoc
507 563 721 611 hariolor:

189 639 278 688 Vbi
299 656 369 685 me
394 640 541 686 dixero
564 640 664 686 dare
687 640 809 691 tanti,
831 635 945 706 testis
966 638 1092 686 faciet
1119 638 1236 690 ilico,

95 731 158 779 ςο
199 712 448 761 Vendidisse
461 731 544 762 me.
560 714 612 761 dc
622 713 1054 775 argento‚somnium.
1068 731 1192 760 mox:
1208 729 1299 760 cras
1311 712 1421 760 redi.

189 790 241 838 Id
269 798 445 854 quoque
457 787 629 855 possum
641 790 768 844 ferre,
788 788 965 837 fimodo
975 789 1140 843 reddat,
1154 805 1422 866 quamquam}

287 865 570 920 iniurium'st;

190 946 359 990 Verum
381 945 526 1002 cogito
548 941 592 987 id
616 940 737 1005 quod
755 957 826 990 res
851 937 932 988 est:
967 939 1145 1006 quando
1169 956 1273 988 eum
1296 954 1424 1005 quae·

288 1015 402 1064 stum
430 1019 663 1084 occeperis,

62 1251 151 1279 eum
167 1234 293 1278 sonitu
318 1233 356 1278 se
375 1238 658 1291 colaphizatum
677 1237 717 1279 fi-

1295 1091 1424 1138 Acci-

821 1246 874 1293 48
900 1237 1069 1295 Ariotor]
1098 1236 1263 1285 Diuino‚
1282 1235 1346 1276 vel
1365 1248 1426 1276 va-

62 1293 231 1349 gnificat.
291 1294 456 1350 Infregit
483 1309 622 1345 autern,
642 1297 718 1334 illi·
766 1295 919 1335 tininor.
973 1298 1015 1336 E.

63 1351 118 1399 iit,
141 1351 300 1390 inflixit:
332 1362 370 1389 vt
387 1352 428 1390 iit
449 1350 591 1401 sensus,
619 1350 719 1403 Infli-

65 1409 128 1447 xit
164 1405 302 1444 homini
339 1407 467 1456 misero
490 1407 575 1461 plus
611 1422 718 1461 quam

65 1465 282 1516 quingentos
309 1462 488 1513 colaphos.
543 1468 590 1504 Et
616 1464 720 1502 flebi-

824 1349 962 1393 Versus
998 1349 1119 1404 gratia
1147 1361 1216 1401 pro
1247 1346 1289 1386 Si
1315 1348 1425 1385 modo

767 1406 828 1447 hic
852 1419 891 1446 et
908 1405 1016 1446 versu
1039 1417 1102 1459 51.
1135 1407 1228 1458 lege
1250 1403 1354 1442 modo
1368 1401 1426 1454 si:

770 1473 809 1501 vt
832 1475 849 1503 1
865 1493 874 1510 ,
903 1475 934 1511 1,
962 1475 1002 1515 4.
1059 1459 1130 1502 Vbi
1142 1460 1185 1512 fi
1207 1459 1326 1511 ccffes,
1356 1470 1428 1510 pro

66 1518 156 1559 liter
178 1518 514 1569 pronunciandum
546 1519 612 1559 est.
648 1519 721 1558 hoc
760 1517 891 1570 sicubi.
944 1521 983 1558 B.

66 1575 174 1614 enim
197 1575 435 1625 exprimitur,
455 1587 492 1614 vt
512 1586 640 1614 tamen
661 1578 722 1615 in·

67 1627 170 1669 cuset
188 1644 229 1668 m
258 1631 385 1668 alieno
401 1629 500 1669 fafto
521 1630 719 1671 fortunam

64 1683 180 1725 suam.
237 1687 286 1725 Et
314 1686 404 1724 vide
433 1698 618 1737 quantum
648 1687 723 1727 hoc

67 1740 179 1781 distet
209 1740 256 1779 ab
277 1742 344 1780 ino
366 1742 470 1793 quod
493 1740 603 1795 supra
623 1742 724 1794 diee-

66 1798 155 1845 bat,
183 1797 303 1849 Ipsicm
328 1797 413 1849 tstuc
440 1799 524 1837 volo
546 1803 718 1851 experiri.

66 1851 155 1900 hoc,
175 1854 263 1904 quia
282 1851 381 1892 solus
400 1853 475 1894 est:
505 1855 723 1908 illud‚,qnia

67 1922 155 1948 cum
176 1908 406 1948 aduersario.
466 1912 513 1951 D.

123 1975 178 2016 47
214 1965 310 2005 Bene
346 1967 575 2022 promeruit]
614 1968 721 2017 Bene,

70 2022 246 2061 multum.
308 2023 535 2072 promeruit,
558 2024 720 2071 adiuuit,

71 2074 244 2128 profuit:
294 2078 354 2116 cui
388 2081 626 2119 contrarium
669 2079 723 2120 est

73 2135 294 2173 commeruit.
359 2136 458 2174 Nam
505 2139 639 2176 mereri
685 2146 724 2175 et

65 2193 291 2241 promereri,
325 2189 378 2229 est
396 2192 586 2243 praestare
603 2192 725 2231 bene-

71 2242 213 2282 ficium.
272 2247 376 2298 Vitg.
400 2250 520 2299 (Aem
538 2262 593 2297 vx,
609 2249 724 2300 664.)

71 2300 216 2354 Qique
225 2299 295 2350 fiai
312 2315 483 2342 memores
500 2305 725 2356 aliosfecere

73 2357 255 2394 merendo.
307 2359 356 2397 Et
374 2361 501 2410 (Aen.
524 2373 581 2408 xv,
601 2361 725 2413 334),

75 2432 130 2441 -—-
167 2424 372 2464 nunquam,
408 2419 557 2471 regina,
585 2416 726 2472 negabO

72 2468 326 2508 Promeritam.
381 2470 431 2510 D,

128 2522 359 2575 Promeruit]
388 2530 472 2568 Hoc
493 2526 570 2576 est,
606 2528 726 2567 multa

72 2576 168 2617 mihi
192 2579 389 2629 praestitit.
442 2587 485 2624 E.

131 2636 201 2672 Pro
226 2638 361 2675 Faerni
373 2636 442 2687 fiet
460 2639 575 2680 nostri
588 2651 728 2681 omnen

74 2690 177 2734 tefle
189 2688 276 2744 fiat.
334 2695 374 2732 Β.

823 1586 877 1627 49
909 1574 982 1613 Vbi
992 1587 1046 1612 me
1064 1572 1196 1611 dixero
1209 1572 1297 1611 dare
1308 1570 1426 1625 tanti]

771 1632 888 1671 Refike
917 1628 1027 1668 dixit.
1063 1629 1127 1667 vbi
1162 1630 1270 1666 enim
1303 1627 1427 1679 paffio

771 1683 1025 1725 intercefl'erit
1062 1685 1194 1737 pretii,
1231 1685 1307 1722 iarn
1346 1694 1431 1721 ere-

771 1742 916 1794 ptionis
943 1741 1041 1779 affio
1077 1737 1222 1778 sublata
1253 1740 1348 1788 erit,
1389 1749 1430 1778 et

771 1799 939 1850 pretium
962 1796 1179 1835 debebitur.
1236 1797 1285 1835 D.

828 1866 882 1907 50
910 1852 1032 1899 Mox,
1075 1867 1156 1891 cras
1182 1851 1292 1903 'rediJ
1324 1851 1429 1892 Mire

772 1909 900 1950 tranfit
921 1908 968 1947 ad
989 1906 1175 1954 μιμητικδν.
1231 1910 1281 1947 D.

825 1967 955 2006 Mox:
984 1979 1094 2003 cras:
1136 1963 1236 2017 redi]
1266 1963 1429 2019 SJngula

771 2019 1066 2075 pronuncianda
1079 2017 1174 2067 sunt,
1194 2031 1294 2070 quae
1305 2017 1433 2057 solent

773 2079 906 2118 dicere
932 2076 1152 2122 debitores,
1186 2087 1223 2113 vt
1244 2087 1326 2113 non
1345 2075 1430 2113 red·

773 2132 991 2185 dantquod
1013 2131 1170 2171 debent.
1226 2132 1269 2169 E.

829 2203 876 2244 51
911 2189 959 2228 ld
980 2201 1121 2242 quoque
1145 2185 1284 2238 poffum
1303 2185 1429 2238 ferre]

773 2245 829 2293 ld,
852 2248 964 2293 Mox,
988 2259 1068 2283 cras
1088 2243 1180 2290 redi,
1208 2241 1248 2279 id
1265 2243 1329 2290 est,
1350 2255 1434 2280 rno-

775 2315 866 2341 rarn.
940 2304 1184 2357 Qamquam
1228 2297 1429 2351 iniurium]

775 2356 973 2404 Vendere,
992 2354 1098 2407 quod
1119 2354 1220 2393 nolis
1229 2367 1242 2402 3
1272 2352 1340 2405 est,
1365 2351 1433 2393 sci-

773 2414 876 2452 licet.
935 2415 982 2452 D.

829 2481 882 2523 52
913 2467 961 2507 Id
984 2466 1091 2519 quod
1103 2477 1161 2504 res
1178 2464 1242 2520 est]
1275 2467 1366 2512 Pro,
1391 2465 1436 2505 id

775 2528 874 2578 quod
891 2537 1019 2563 verum
1039 2521 1104 2572 est:
1141 2521 1245 2560 bona
1274 2522 1430 2560 locutio.

775 2581 933 2634 Quando
970 2592 1046 2616 eum
1081 2578 1267 2630 quaestum
1294 2588 1434 2629 occepe—

775 2639 847 2691 ris]
881 2639 930 2676 Vt
948 2636 986 2673 in
1002 2634 1161 2683 Andria,
1171 2634 1316 2674 Deinde
1328 2646 1434 2686 quae—

1317 2743 1434 2800 Ques

766 2693 863 2746 stum
879 2694 1023 2744 occipit.
1079 2691 1130 2729 D.
