1875 3292
365 153 458 214 136

739 148 899 204 'ACT0
932 153 1008 200 IV.
1043 152 1241 201 S-CEN.
1273 155 1349 204 111.

433 338 437 342 ,
494 283 617 331 Nam
651 289 695 328 et
723 280 787 327 illi
819 284 1016 329 animum
1048 283 1136 329 iam
1164 282 1394 331 releuabis.
1436 299 1546 348 quae
1578 283 1731 333 dolore

595 374 643 403 ac
667 356 833 404 miseria

495 431 723 488 Tabescit3
755 444 798 480 et
833 444 912 481 tuo
947 429 1093 482 officio
1122 433 1258 517 {ueris
1279 432 1480 484 sunaus:
1517 435 1588 497 sed
1608 434 1638 485 fi
1661 435 1734 484 ali-

595 518 661 554 ter
684 519 826 573 PUt88,

494 587 687 646 Egomet
708 584 895 632 narrabo
927 602 1037 649 quae
1066 586 1177 633 mihi
1198 584 1318 633 dixti.
1351 582 1450 633 Ml.
1485 589 1624 636 immo
1647 604 1733 649 ego

594 658 684 706 ibo.
724 655 828 709 HE.
867 660 979 707 bene
999 661 1124 708 facis:

493 738 689 787 Omnes,
731 736 890 800 quibus
920 753 990 784 res
1025 736 1122 784 sunt
1143 738 1291 784 minus
1323 737 1557 793 secundae,
1592 741 1732 803 magis

591 811 689 857 sunt
710 812 850 858 nescio
874 829 962 875 quo
985 813 1120 860 modo

395 900 456 950 15
498 885 723 951 Suspiciosi
740 907 748 932 z
780 887 832 934 ad
856 889 1164 935 contumeliam
1178 891 1558 953 omniaaccipiunt
1571 892 1732 951 magis:

488 965 676 1027 Propter
708 962 828 1010 suam
858 964 1166 1031 impotentiam
1199 965 1238 1013 se
1262 964 1430 1032 semper
1452 965 1638 1014 credunt
1658 983 1735 1015 ne-

587 1037 713 1100 gligi.

409 1271 460 1304 11
495 1259 600 1302 Nam
618 1273 653 1302 et
679 1261 736 1302 illi
752 1264 915 1303 animum
939 1265 1014 1303 iam

353 1317 550 1368 releuabis]
580 1322 630 1360 Et
647 1318 836 1372 deinceps
855 1320 917 1360 Illi
937 1335 1015 1360 ma-

352 1375 427 1414 luit
456 1374 609 1422 dicere,
637 1388 754 1427 quam
787 1378 920 1424 nurui,
951 1376 1013 1415 ad-

352 1429 434 1469 huc
454 1431 619 1471 diuitem
641 1432 843 1472 renen-itus.
898 1432 1015 1472 Dolo-

352 1501 394 1527 re
411 1501 453 1525 ac
473 1487 638 1539 mifiria]
666 1488 822 1537 Dolore,
854 1490 1015 1542 parturi·

352 1543 475 1583 entis:
507 1544 683 1595 Mifi’ria,
701 1546 841 1585 iniuria
863 1545 910 1584 ab
938 1551 1016 1587 Ae-

352 1595 487 1637 schino
513 1611 682 1651 accepta.
742 1605 791 1642 D.

407 1657 515 1707 Lege
541 1655 749 1704 Relmaris,
784 1656 874 1706 quia
897 1653 1016 1707 sequi-

354 1720 416 1749 tur
435 1709 744 1764 Fuerisfimc‘lus.
785 1711 944 1751 Deinde
963 1725 1016 1750 ne

350 1771 550 1807 Accentus
569 1766 679 1806 cadat
696 1767 736 1805 in
750 1767 919 1806 vltimarn
930 1769 1016 1806 Ani-

351 1823 465 1871 Μάνη,
485 1835 658 1875 repone,
690 1823 793 1862 Nam
811 1835 847 1862 et
867 1823 926 1862 illi
943 1826 1017 1863 iam

353 1878 520 1918 Animum
562 1880 770 1928 re‘lleuaris,
814 1882 906 1932 qum3
941 1890 1014 1920 etc.

350 1934 586 1987 Praepofin'o
615 1935 669 1974 Re
700 1936 740 1974 in
776 1935 1016 1986 compositio-

349 2005 407 2031 ne
440 1991 525 2031 fere
551 1991 724 2044 duplicat
754 1989 1016 2031 consonantes

350 2048 454 2099 apud
478 2058 647 2097 vetere83
669 2058 708 2088 vt
726 2046 1016 2102 Rcdduco‚Rep-

343 2106 475 2158 perio,·
498 2103 662 2144 Relleuo.
722 2106 762 2143 B.

405 2161 651 2202 Menander:
672 2163 806 2199 Πολλῶν
825 2156 927 2206 Φᾶσει
944 2165 1015 2204 τοῖς

349 2219 451 2255 oriam
481 2222 574 2255 ἂιτία
603 2219 710 2255 κακῶν
736 2213 846 2260 Λῦπη·
877 2216 932 2256 διαὶ
953 2215 1014 2255 λῦ.

348 2290 412 2316 ’της
438 2280 542 2319 μανία
573 2280 715 2321 γίνεται·
765 2277 918 2312 Πολλοῖσι
944 2273 1014 2321 ’γὰρ

350 2327 511 2373 νοήματ’
530 2331 574 2368 ἐκ
594 2335 724 2374 ἰάσιμα·
757 2328 866 2372 ἆυτᾶς
885 2330 917 2366 τ’
939 2334 1015 2379 ἀνῃ-

350 2382 470 2431 ρήκασι
492 2385 545 2423 διαὶ
568 2384 672 2428 λύπην
694 2392 787 2429 τινές.
843 2388 909 2425 ἲν.

409 2453 457 2481 12
488 2443 558 2480 Sed
564 2440 608 2492 fi
623 2442 736 2481 aliter
753 2447 880 2495 putas]
911 2443 1012 2483 Arti.

350 2494 488 2544 ficiose,
518 2498 752 2537 remittendo
775 2498 885 2550 quod
905 2509 1013 2552 pete-

349 2551 429 2599 bat,
453 2553 607 2591 extorsit
633 2555 765 2606 mngis.
823 2557 870 2595 D.

409 2621 456 2662 13
490 2609 568 2647 Imo
590 2623 652 2663 ego
674 2609 750 2656 tho]
783 2610 1012 2650 Hocaduer-

349 2662 415 2706 bio
445 2665 550 2718 quod
568 2666 621 2705 ait
647 2666 747 2711 Ima,
780 2665 948 2721 ostendit
972 2665 1011 2710 se

1609 1122 1735 1174 Qua-

1064 1273 1221 1317 promte
1247 1276 1367 1320 agere
1384 1274 1424 1306 et
1433 1262 1618 1306 instanter
1627 1263 1734 1317 quod

1064 1319 1246 1373 promifit.
1303 1326 1355 1365 D.

1116 1380 1179 1418 Ne
1197 1376 1279 1416 hiet
1299 1376 1436 1427 versus,
1456 1388 1496 1418 et
1516 1375 1733 1417 sententiae

1063 1432 1276 1483 medearis,
1292 1466 1295 1469 Α
1314 1446 1487 1486 repone,
1526 1434 1643 1474 Immo
1664 1447 1732 1488 ego

1065 1503 1209 1544 quoque
1238 1489 1319 1531 ibo:
1362 1503 1511 1544 nempe
1540 1505 1616 1530 vna
1644 1503 1734 1530 cum

1064 1547 1262 1600 Hegione.
1323 1549 1364 1587 B.

1124 1614 1175 1654 14
1203 1602 1336 1643 Minus
1352 1603 1557 1655 ficundae]
1588 1603 1733 1643 DIcere

1065 1655 1115 1695 fic
1135 1657 1285 1704 maluit,
1310 1670 1363 1697 ne
1384 1659 1550 1709 Meserae
1570 1657 1730 1697 diceret.

1069 1711 1203 1763 Nefitio
1227 1727 1297 1765 quo
1314 1714 1440 1764 modo]
1473 1716 1558 1754 Hoc
1580 1713 1645 1762 est,
1667 1727 1733 1754 ve·

1066 1767 1287 1819 berneium,
1328 1770 1436 1810 nulla
1464 1770 1591 1824 palam
1620 1770 1732 1810 ratio-

1065 1838 1128 1865 ne.
1185 1826 1233 1865 D.

1124 1880 1255 1920 Omnes
1284 1881 1416 1936 quibus
1446 1881 1519 1930 res]
1558 1885 1731 1925 Menan-

1065 1936 1153 1977 der:
1184 1932 1322 1979 ι”υπιςον
1354 1941 1492 1985 ἂτυχῶν
1521 1943 1584 1978 ἑςὶν
1615 1936 1731 1987 ἅνθρω-

1065 2009 1124 2037 πος
1150 1992 1265 2040 Φύσει.
1328 1997 1368 2036 L.

1122 2059 1172 2100 15
1214 2051 1412 2103 Accipiunt
1449 2048 1584 2106 magis]
1622 2051 1729 2091 Mire

1065 2105 1241 2145 additum
1269 2108 1420 2163 Magis:
1463 2120 1582 2158 quum
1618 2108 1730 2160 possit

1063 2159 1190 2201 sensus
1219 2172 1258 2201 et
1297 2163 1378 2203 fine
1411 2162 1485 2202 hoc
1516 2160 1593 2204 ess'e
1625 2165 1728 2203 inte-

1064 2231 1147 2272 ger.
1205 2222 1255 2261 D.

1119 2276 1170 2318 16
1200 2274 1363 2328 Propter
1383 2274 1498 2326 fitam
1521 2277 1727 2330 impotenti-

1062 2331 1142 2385 am]
1181 2330 1459 2371 Infirmitatem.
1527 2335 1574 2373 Et
1600 2329 1726 2371 rursus

1064 2388 1189 2427 noluit
1212 2386 1466 2427 humilitatem
1495 2399 1558 2428 aut
1579 2386 1729 2427 miseri-

1063 2458 1126 2483 am
1158 2442 1297 2483 dicere.
1353 2445 1512 2500 Negligi
1571 2445 1727 2496 Legitur

1063 2511 1104 2539 et
1124 2500 1300 2539 claudere
1318 2511 1354 2540 et
1375 2501 1603 2541 claudicare.
1633 2504 1684 2542 D.

1117 2556 1218 2596 Illud
1261 2557 1398 2611 negligi
1426 2562 1574 2598 faerno
1607 2552 1725 2594 visum

1062 2611 1118 2651 est
1139 2612 1253 2651 nimis
1275 2613 1385 2661 leue,
1413 2625 1453 2653 et
1471 2612 1518 2651 ab
1547 2612 1618 2650 hoc
1638 2612 1724 2650 loco

1063 2668 1246 2709 alienum.
1303 2670 1425 2724 Igitur
1445 2682 1534 2710 cum
1551 2669 1593 2708 in
1614 2671 1726 2763 zem-

1657 2736 1724 2764 ino
