1875 3292
414 169 473 214 16

445 312 507 360 25
545 293 624 343 Ille
646 303 693 342 vt
718 294 823 340 item
847 301 999 342 contra
1020 306 1091 336 me

828 159 1347 210 AC'r.1.SCEN.·1.

1115 287 1285 339 habeat,
1308 286 1586 335 faciosedulo
1601 303 1611 330 :

544 375 635 424 Do,
658 370 984 436 praetermitto:
1020 384 1114 413 non
1135 360 1300 412 neceffe
1323 362 1464 410 habeo
1486 363 1636 410 omnia

544 451 632 495 Pro
652 463 753 493 meo
771 439 865 491 iure
886 459 1038 504 agere:
1079 440 1302 506 postremo
1330 439 1399 485 alii
1422 438 1669 485 clanculum

544 527 692 571 Patres
719 537 829 585 quae
852 520 1030 572 faciunt,
1054 535 1164 581 quae
1191 518 1275 565 fert
1300 514 1595 568 adolescentia,

547 603 612 647 Ea
633 615 690 646 ne
710 614 781 645 me
804 596 929 650 celet,
947 594 1190 643 consuefeci
1211 591 1365 639 filium.

413 834 632 876 vti-umque,
653 831 692 861 et
709 819 758 861 In
782 833 845 870 eo,
877 829 916 859 et
936 817 1071 859 Solum.

415 883 465 923 In
483 885 539 932 eo]
573 877 691 930 Quasi
711 879 754 917 in
786 891 832 917 ea
852 890 906 917 re.
963 877 1010 916 In
1035 889 1074 915 eo

414 952 471 979 me
500 936 653 987 oblec'to]
693 938 810 976 Noue
845 932 955 981 dicit,
987 946 1071 985 pro,

417 998 475 1037 Eo
501 1006 556 1033 me
575 991 722 1032 oblec‘i‘o.
779 991 866 1032 Plus
886 1001 1017 1028 autem
1037 985 1099 1027 fis

418 1049 589 1106 gnificat,
610 1062 728 1100 quam
748 1045 954 1102 fidit-eret,
972 1045 1080 1088 Solus

415 1111 451 1148 is
468 1107 516 1160 eft
535 1118 640 1145 carus
660 1105 761 1144 mihi.
820 1107 868 1145 D.

473 1175 526 1215 25
558 1160 623 1202 Ille
640 1174 686 1202 vt
703 1164 789 1201 item
810 1172 941 1200 contra
951 1173 1006 1198 me
1017 1158 1079 1198 ha·

416 1220 518 1272 beat]
559 1220 673 1267 Item,
697 1217 890 1257 fimiliter:
925 1218 1076 1264 Contra,

417 1276 588 1318 viciffim.
644 1276 800 1316 Plautus
817 1274 923 1327 (Mil.
951 1286 1010 1321 11,
1044 1285 1078 1320 1,

416 1348 472 1388 23
494 1335 533 1385 )‚
566 1332 617 1373 Vt
639 1334 701 1373 illa
719 1331 818 1370 illam
838 1341 981 1380 contra,
1013 1331 1080 1381 qm·

419 1391 468 1443 est
484 1392 625 1430 amoris
644 1389 767 1429 cultor
786 1390 953 1440 optimus.
1008 1387 1081 1426 Pa-

419 1449 477 1488 cio
491 1443 644 1498 sedulo]
677 1447 794 1486 Secus
815 1458 836 1482 a
850 1441 1003 1489 dolo‚id
1014 1442 1079 1492 est,

417 1504 502 1545 fine
519 1503 622 1551 dolo,
645 1512 685 1541 et
702 1498 896 1553 impense.
946 1502 995 1540 D.

477 1562 532 1603 26
568 1559 659 1605 Do,
701 1559 977 1611 praetermitto]
1017 1556 1083 1595 Do

420 1616 607 1657 sumtum:
631 1615 896 1666 praetermitto
928 1612 1082 1654 defleta.

426 1673 522 1712 Non
550 1669 677 1722 uecejfi·
705 1668 819 1708 habeo
853 1671 979 1707 omnia
1007 1680 1081 1721 pro

421 1743 500 1769 meo
523 1731 604 1768 iure
627 1732 747 1780 agere]
780 1724 851 1764 Etsi
871 1725 977 1776 licet,
1002 1738 1085 1763 non

423 1782 583 1826 necess'e
595 1783 649 1822 est
660 1793 807 1834 pati-em
821 1780 979 1830 saeuire,
992 1781 1085 1832 quia

423 1853 535 1895 patei·
557 1840 619 1879 est.
678 1843 784 1879 Inter
803 1839 865 1878 lus
893 1851 929 1877 et
949 1839 1085 1890 Aequi·

422 1912 537 1940 tatem
549 1897 622 1936 hoc
633 1895 811 1935 interest:
832 1896 893 1934 Ius
904 1893 967 1942 est,
980 1893 1087 1946 quod

422 1956 557 1994 omnia
579 1953 681 1993 reeta
702 1963 741 1991 et
759 1950 986 1990 inflexibilia
1008 1952 1091 1991 exi-

426 2013 497 2065 git.
553 2011 734 2063 Aequitas
755 2007 819 2055 est,
847 2021 949 2059 quae
969 2007 1018 2046 de
1031 2009 1089 2046 iu-

426 2082 471 2109 re
490 2069 658 2107 multum
680 2065 852 2105 remittit.
908 2067 1012 2118 Ergo
1024 2063 1088 2102 hic

426 2122 566 2172 sensus,
590 2126 681 2164 Non
703 2118 857 2160 neceffe
876 2120 940 2169 est,
972 2122 1089 2160 etiam

425 2181 454 2222 si
480 2182 614 2230 liceat,
647 2177 803 2217 saeuum
828 2174 906 2215 ess‘e
923 2188 1088 2228 patrem.

425 2241 475 2279 Et
493 2239 590 2276 mire
610 2234 776 2275 ostendit
793 2235 850 2273 ius
870 2231 990 2281 suum,
1019 2233 1088 2272 nifi

427 2294 671 2342 necestitate,
709 2303 793 2331 non
822 2287 900 2330 esse
937 2289 1087 2330 seruan-

429 2351 535 2391 dum.
592 2352 641 2390 D,

483 2418 537 2456 27
567 2406 755 2458 Postremo
782 2404 847 2444 alii
867 2403 1085 2458 clanculum]

426 2465 519 2502 Non
553 2463 615 2500 alii
645 2473 790 2514 patres:
822 2458 886 2500 sed
913 2462 977 2501 alii
997 2461 1088 2500 ado-

430 2517 621 2558 lescentes
642 2546 651 2565 ,
703 2519 919 2564 clanculum
961 2528 1088 2571 patres

432 2573 529 2614 suos.
589 2578 637 2614 1).
895 2576 897 2579 ’

490 2632 567 2670 Pro
596 2645 672 2669 meo
701 2631 782 2670 iure
813 2632 933 2686 agere]
965 2635 1027 2672 lus
1054 2644 1090 2670 e-

433 2689 514 2730 nim
543 2689 655 2739 pan-is
683 2687 756 2737 est,
795 2700 953 2741 peccata
980 2689 1092 2730 corri-

1717 681 1782 730 30

1125 831 1220 874 gere
1242 813 1422 856 filiorum.
1481 817 1532 857 At
1549 809 1612 853 hic
1637 824 1710 866 per
1729 811 1787 850 in-v

1125 876 1368 930 dulgentiam
1389 872 1495 922 dixit,
1514 885 1599 910 non
1619 865 1787 910 necessa·

1126 934 1184 974 rio
1215 931 1283 971 fibi
1306 930 1380 969 hoc
1408 928 1659 971 incumbere,
1688 935 1729 965 vt
1748 938 1787 963 0-

1126 989 1233 1029 mnia
1257 999 1413 1041 peccata
1432 986 1608 1038 corrigat,
1640 981 1704 1023 sed
1725 982 1791 1021 ali-

1129 1045 1223 1098 quid
1242 1046 1293 1085 de
1313 1045 1396 1083 iure
1416 1043 1572 1095 proprio
1591 1037 1810 1080 obliuisca-·

1129 1114 1203 1143 tur.
1261 1100 1423 1142 Deinde
1465 1101 1543 1138 iam
1580 1096 1692 1136 thesis
1723 1097 1791 1135 illa

1127 1157 1369 1211 supponitur,
1393 1157 1446 1195 vti
1473 1169 1555 1195 non
1575 1164 1701 1203 metu,
1726 1149 1791 1194 sed

1128 1218 1267 1256 melius
1288 1214 1401 1254 liberi
1420 1225 1552 1252 amore
1571 1220 1791 1259 teneantur,

1132 1273 1291 1320 Pudore,
1306 1271 1446 1324 inquit,
1469 1283 1504 1309 et
1519 1267 1743 1309 liberalitate
1752 1266 1793 1305 li-

1131 1328 1236 1369 beros
1254 1330 1413 1368 retinere
1433 1325 1568 1377 fittius.
1627 1324 1701 1364 Hic
1720 1320 1795 1362 ser·

1130 1399 1196 1426 mo
1228 1387 1351 1438 magis
1376 1398 1397 1422 a
1427 1380 1590 1435 persona
1614 1383 1793 1421 Demeae

1131 1441 1384 1493 accipiendus
1410 1439 1474 1488 est,
1495 1438 1797 1491 quiMicionem

1132 1499 1234 1539 dieat
1270 1498 1411 1538 durum
1439 1506 1596 1548 praeter
1622 1506 1796 1546 aequum

1132 1568 1172 1595 et
1192 1556 1350 1602 bonum,
1371 1555 1463 1593 dum
1476 1552 1724 1592 clementiam
1734 1563 1796 1590 cu-

1132 1612 1246 1652 stodit
1269 1612 1431 1650 nimiam
1452 1611 1551 1648 circa
1570 1608 1714 1657 filium,
1744 1606 1795 1645 fic

1134 1681 1225 1707 eum
1238 1669 1276 1707 in
1290 1677 1449 1720 peccata
1459 1674 1665 1717 prouocet:
1687 1662 1796 1715 quod

1135 1724 1188 1763 est
1209 1724 1310 1776 quaii
1333 1721 1532 1774 quoddam
1555 1720 1710 1759 duritiei
1732 1733 1800 1773 ge·

1135 1794 1221 1830 nus,
1245 1795 1328 1820 non
1346 1777 1485 1818 sentire
1507 1777 1601 1830 quid
1623 1777 1796 1817 criminis

1137 1837 1199 1886 fit,
1239 1836 1346 1890 quod
1383 1835 1430 1876 ad
1459 1835 1628 1876 dedecus
1656 1845 1798 1887 perue-

1139 1895 1233 1934 niat.
1293 1897 1336 1936 E.

1196 2013 1246 2057 28
1279 2009 1392 2065 ‚Quae
1417 2006 1503 2059 fert
1534 2003 1797 2060 adolescentia]

1138 2067 1309 2106 Veniam
1329 2064 1478 2104 addidit
1496 2062 1629 2110 statim,
1661 2075 1798 2114 pecca-

1139 2132 1176 2160 ta
1195 2120 1241 2160 ab
1264 2119 1573 2162 adolescentibus
1592 2119 1638 2157 ad
1663 2117 1726 2171 (ob
1739 2131 1799 2157 re-

1138 2179 1197 2217 &e
1220 2179 1259 2216 in
1281 2176 1352 2219 Ms.
1371 2174 1673 2218 Boend.etEdd.
1690 2176 1800 2228 vett.)

1139 2245 1304 2273 aetatem
1324 2232 1577 2274 remouendo.
1632 2232 1682 2273 Et
1708 2230 1801 2271 vide

1140 2304 1258 2341 quam
1295 2291 1490 2337 breuiter,
1532 2303 1647 2340 quam
1685 2288 1799 2341 pudi-

1137 2356 1202 2442 ca,
1234 2361 1352 2399 quam
1370 2345 1620 2401 ignoscentem·
1646 2346 1800 2386 locutus

1138 2416 1160 2442 e
1194 2435 1203 2444 .
1262 2407 1310 2445 D.

1194 2525 1246 2571 29
1277 2518 1331 2557 Ea
1350 2530 1393 2557 ne
1410 2531 1465 2557 me
1476 2517 1573 2565 celet,
1597 2529 1662 2556 con
1684 2514 1802 2567 ueftci

1134 2570 1272 2628 filium]
1291 2576 1435 2614 Tribus
1450 2577 1556 2614 enim
1568 2574 1709 2612 viuitur
1720 2585 1802 2609 mon

1143 2631 1220 2673 dis,
1256 2642 1412 2682 natura,
1438 2629 1732 2678 consuetudine,
1761 2636 1802 2668 et

1141 2688 1305 2728 ratione.
1361 2690 1412 2730 D„
