1827 3180
645 201 944 250 HECYRA.

1357 209 1451 265 389

222 330 288 376 Vt
299 327 521 392 quisquam
543 339 708 375 amator
719 330 884 394 nuptiis
904 327 1098 374 laetetur.
1122 341 1275 375 verum
1288 327 1446 376 ecastor

224 407 471 466 Nunquam
503 406 697 450 animum
727 402 885 468 quaesti
914 404 1047 465 gratia
1079 402 1130 449 ad
1159 404 1288 450 malas
1310 404 1446 450 addu-

320 495 413 525 cam
435 483 581 544 partis.

224 556 335 614 Ego,
358 554 464 601 dum
486 556 561 602 illo
582 553 812 608 licitum'st,
836 554 904 603 vsa
923 554 1016 601 sum
1037 553 1245 616 benigno,
1278 564 1320 602 et
1338 554 1443 621 lepi-

321 628 395 682 do,
421 641 463 677 et
482 634 620 677 comi:

123 716 193 764 40
224 704 511 752 Incommode
531 706 640 752 mihi
663 708 826 771 nuptiis
846 706 1017 753 euenit:
1054 702 1216 752 fastum
1235 706 1399 754 fateor:

223 783 284 826 At
295 781 371 843 pol
382 798 451 827 me
463 778 600 828 fecisse
612 781 811 834 arbitror,
832 798 887 828 ne
897 781 939 827 id
951 782 1107 828 merito
1119 781 1226 827 mihi
1237 783 1442 827 eueniret.

223 854 368 902 Multa
389 872 439 902 ex
461 872 552 919 quo
583 848 745 904 fuerint
766 855 1016 911 commoda,
1047 858 1139 904 eius
1165 855 1445 905 incommoda

321 948 507 994 aequom
529 929 588 978 est
608 932 736 979 ferre.

137 1075 443 1130 ACTVS
515 1076 875 1138 QVINTI
948 1077 1244 1131 SCENA
1294 1077 1399 1132 IV.

251 1166 624 1208 PAMPfflzvs.
653 1168 963 1209 PARMENo.
993 1169 1278 1212 BAccffls.

87 1299 181 1417 V
200 1323 218 1350 1
237 1323 264 1351 n
284 1323 307 1349 E
323 1340 335 1357 ,
370 1306 431 1350 mi
452 1307 664 1353 Parmeno
677 1342 689 1358 ,
723 1308 851 1354 etiam
873 1307 1008 1362 sodeS,
1038 1317 1084 1357 vt
1103 1307 1212 1356 mihi
1232 1307 1336 1354 haec
1355 1321 1442 1353 cer-

318 1391 360 1426 ta
386 1393 428 1426 et
449 1379 558 1427 clara
579 1382 794 1428 attuleris:

88 1523 146 1566 sui
184 1522 233 1563 fic
277 1523 466 1575 opitulare
486 1553 495 1571 ,
552 1520 636 1574 51st
672 1522 740 1562 hoc

87 1580 294 1621 meretrices
331 1592 403 1618 non
442 1577 576 1620 volunt
622 1580 739 1619 aliae.-

85 1649 200 1689 neque
244 1638 339 1674 enim
381 1636 420 1674 in
466 1648 542 1674 rem
585 1633 632 1685 est
676 1648 738 1674 no-

78 1693 210 1747 stram.
266 1693 308 1731 B.

143 1753 194 1800 38
225 1743 376 1801 Qaefli
396 1747 525 1800 gratia
540 1745 591 1784 ad
605 1744 737 1800 malas]

83 1801 262 1846 Priscian.
298 1802 362 1840 lib.
384 1807 422 1844 6.
448 1800 535 1841 Fab.
559 1802 736 1854 Fulgent.

83 1860 141 1899 de
160 1856 279 1911 prisco
297 1855 405 1897 serm.
429 1859 467 1896 in
487 1870 581 1896 voce
597 1856 741 1897 Diobo·

83 1915 193 1956 lares.
249 1915 293 1954 L.

141 1983 194 2025 39
220 1969 314 2026 Ego,
333 1970 416 2009 dum
435 1968 495 2008 illo
514 1968 657 2010 licitum
673 1969 736 2023 est]

84 2029 154 2068 An
174 2027 355 2066 meruerit
374 2027 538 2080 (metuit)
560 2025 738 2078 Pamphi·

82 2083 174 2126 lus?
226 2085 274 2123 D.

143 2147 198 2188 40
227 2137 446 2177 Incommode
477 2136 568 2177 mihi
593 2139 735 2190 nuptiis

83 2193 224 2245 euenit]
251 2194 311 2232 Sic
338 2192 452 2237 dixit,
481 2193 733 2244 quemadmo-

81 2247 178 2286 dum
198 2248 380 2294 dicimus,
409 2248 457 2286 Et
485 2249 577 2288 male
599 2252 732 2296 euenit,

84 2313 153 2343 aut
175 2303 272 2341 Bene
303 2305 336 2340 ei
370 2306 531 2358 contigit.
599 2305 733 2343 Incom-

80 2358 189 2398 mode
214 2358 302 2395 mihi
330 2360 466 2410 nuptiis
494 2359 632 2412 euenit]
672 2359 733 2397 Α’ν-

79 2414 248 2461 θυτοφορὲ
268 2412 482 2464 (Ῠτοφορὲ).
533 2417 582 2454 Et
602 2413 655 2453 est
679 2428 732 2453 οι·-

79 2470 147 2517 do,
167 2468 414 2508 Incommode
434 2469 526 2508 mihi
546 2471 734 2509 euenitex

79 2526 240 2576 nuptiis.
268 2534 306 2563 et
328 2524 564 2574 Incommode,
589 2538 657 2576 pro
678 2527 735 2565 in·

74 2580 299 2620 commodo.
357 2579 529 2632 Nuptiis]
549 2582 730 2622 Deestex.

78 2647 124 2676 nrt
143 2635 196 2686 fit,
216 2637 276 2674 Ex
298 2637 444 2688 nuptiis.
503 2636 732 2691 Fabiumhf'a-

79 2693 184 2747 teor]
215 2690 436 2738 Χνθυποῷοςᾶ.
492 2694 538 2732 D.

137 2748 374 2792 Incommode
395 2746 487 2789 mihi
498 2749 632 2805 euenit]
649 2753 734 2796 Ma·

1365 1385 1441 1428 Ne

789 1525 936 1564 ximum
972 1525 1267 1566 incommodum
1284 1526 1437 1576 'aec-epi,

789 1581 893 1632 quod
915 1581 1138 1634 Pamphilus
1150 1582 1256 1621 duxit
1268 1593 1438 1620 vxorem.

787 1637 1093 1691 Faflumfhteor]
1125 1637 1334 1677 Confiteor.
1360 1634 1438 1676 Sed

787 1705 869 1730 non
889 1694 967 1732 mei
987 1695 1113 1732 meriti
1135 1693 1206 1742 est,
1239 1691 1345 1744 quod
1375 1690 1439 1730 de-

786 1745 882 1786 serta
900 1746 991 1790 sum.
1036 1750 1150 1790 Vnde
1167 1748 1331 1788 ferenda
1342 1747 1438 1787 haec

786 1801 874 1842 sunt
893 1805 1150 1844 incommoda.
1206 1808 1247 1845 E.

840 1871 890 1911 41
922 1860 984 1899 Ne
1001 1861 1042 1899 id
1057 1863 1186 1899 merito
1207 1859 1299 1899 mihi
1321 1860 1438 1898 eueni-

786 1915 862 1969 ret]
892 1919 997 1968 Ergo
1017 1915 1111 1955 haec
1132 1916 1315 1965 dolemus,
1337 1926 1436 1966 quae

784 1972 924 2010 merito
943 1973 1186 2025 contingunt.
1240 1974 1290 2013 D.

838 2039 892 2081 42
929 2026 1057 2066 Multa
1097 2041 1143 2066 ex
1174 2039 1246 2080 quo
1275 2026 1436 2078 fieerint

784 2084 967 2123 commoda
995 2086 1086 2135 cius]
1117 2085 1223 2122 Ratio
1253 2095 1316 2121 cur
1335 2094 1435 2120 noua

785 2141 915 2178 omnia
934 2137 1039 2187 fiant,
1060 2150 1100 2178 et
1121 2150 1251 2177 contra
1268 2138 1434 2176 officium

783 2195 1005 2234 meretricis.
1061 2195 1190 2234 Multa
1210 2207 1255 2231 ex
1267 2206 1336 2245 quo
1345 2193 1432 2244 siae-

784 2254 863 2290 rint
885 2251 1084 2298 commoda,
1095 2289 1100 2294 ,
1113 2254 1187 2288 eius
1207 2248 1433 2289 incommoda

783 2319 935 2358 aequum
964 2305 1008 2355 cst
1022 2308 1144 2356 ferre]
1176 2308 1260 2344 Hoc
1290 2317 1336 2344 eo
1363 2314 1432 2341 tra-

781 2362 841 2399 ξω
866 2362 984 2407 vocis,
1013 2372 1052 2398 et
1069 2373 1112 2398 ea
1131 2359 1432 2411 aequanimitate

783 2415 1012 2463 dicendum,
1041 2418 1152 2467 quale
1169 2418 1206 2454 in
1228 2413 1426 2465 Adelphis,

781 2472 941 2524 Qando
969 2485 1047 2510 eum
1068 2472 1245 2524 quaestum
1269 2480 1429 2522 occoepe-

783 2531 846 2574 ris,
865 2527 1077 2579 accipianda
1096 2542 1130 2566 et
1148 2525 1359 2581 muffitanda
1373 2528 1424 2565 in·

781 2585 881 2623 iuria
900 2583 1172 2634 adole-fiendum
1193 2583 1249 2634 est.
1304 2586 1352 2623 D.

839 2651 856 2681 1
893 2639 1000 2683 Viae,
1028 2642 1077 2678 m?
1101 2639 1290 2684 Parmeno,
1319 2640 1429 2677 ctiam

772 2694 890 2749 fides,
912 2708 953 2734 vt
970 2696 1057 2735 mihi
1078 2695 1162 2735 haec
1181 2693 1294 2743 certa]
1323 2698 1430 2734 Bene

914 2754 943 2794 B
955 2750 979 2790 b
1008 2762 1033 2806 3
1334 2751 1433 2791 Haec
