1875 3292
438 216 534 275 390

825 203 980 264 Aer.
1015 207 1070 252 v.
1113 206 1416 255 scEN.1v.

576 338 652 383 Ne
679 349 751 381 me
783 336 828 380 in
852 333 988 381 breue
1013 335 1214 385 coniicias
1237 346 1412 402 tempus
1444 338 1605 398 gaudio
1626 339 1711 387 hoc
1731 339 1806 387 fal-

671 410 715 458 so
737 410 838 457 frui.

578 483 659 533 PA
675 499 720 533 R.
761 486 909 533 Visum
942 483 1014 532 est.
1056 484 1206 533 ΡΑΜ.
1246 489 1453 535 certene?
1489 487 1629 536 PAR.
1675 502 1803 538 certe.

675 560 822 611 PAM.
862 556 982 609 Deus
1007 561 1114 629 sum,
1134 560 1165 608 fi
1187 562 1272 610 hoc
1285 565 1342 610 ita
1363 562 1435 612 est.
1467 562 1548 612 PA
1566 579 1613 612 R.
1651 583 1806 613 verum

673 639 881 703 reperies.

573 711 725 763 PAM.
766 713 1007 760 Manedum
1038 714 1183 761 sodes:
1221 716 1355 763 timeo
1380 732 1439 763 ne
1472 715 1806 772 aliudcredarn,

675 800 804 853 atque
826 790 939 836 aliud
961 792 1157 837 nuncies.

507 878 539 928 ς,
576 860 708 911 PAR.
746 868 922 912 Maneo.
963 863 1113 912 ΡΑΜ.

674 936 780 986 nisse
799 941 1092 1004 Myrrhinam,

1150 865 1205 915 lic
1224 876 1267 914 te
1291 863 1437 914 dixisse
1460 869 1646 934 opinor,
1686 869 1806 916 inue-

576 1015 839 1063 Bacchidem
870 1019 1049 1063 annium
1084 1017 1206 1064 suum
1231 1017 1405 1065 habere.
1445 1015 1524 1065 PA
1541 1033 1589 1066 R.
1626 1016 1805 1066 fastum.

671 1088 706 1137 P
721 1105 752 1136 A
773 1105 825 1137 M.
867 1109 984 1145 eum,
1007 1108 1138 1156 quem
1161 1095 1265 1140 olim
1286 1097 1324 1141 ei
1350 1095 1477 1151 dedi;

573 1168 722 1230 anue
741 1167 827 1215 hoc
845 1179 887 1215 te
906 1168 1014 1214 mihi
1037 1171 1243 1218 nunciare
1253 1168 1385 1218 iussit:
1405 1173 1520 1218 itane
1540 1169 1599 1217 est
1608 1166 1806 1223 saelum?

669 1243 704 1291 P
719 1256 751 1289 A
768 1256 812 1292 R.
850 1245 922 1303 ita,
947 1247 1144 1309 inquam.

436 1423 538 1463 Haec
560 1424 712 1474 repetit.
742 1437 876 1464 verum
906 1424 959 1466 est
978 1428 1099 1474 enim,

437 1492 475 1518 vt
499 1480 601 1530 (mod
626 1478 761 1520 misere
779 1483 966 1533 cupimus,
987 1483 1025 1521 id
1047 1494 1099 1522 et«

436 1536 513 1574 iam
528 1537 671 1575 tardius
684 1536 884 1576 credamus
899 1537 1094 1579 effectum.

438 1593 500 1631 Sic
523 1605 559 1630 er
579 1594 619 1630 in
637 1598 841 1633 Heautont.
872 1597 952 1650 Ego
972 1609 1099 1634 vereor

435 1651 563 1701 magis.
622 1651 668 1688 D.

494 1703 595 1748 the,
623 1707 673 1740 mi
695 1704 895 1751 Parmeno]
925 1708 976 1745 Ea
995 1718 1094 1755 quae

437 1757 692 1797 veliementer
726 1761 917 1810 cupimus,
959 1774 1092 1811 parum

434 1814 635 1853 credibilia
665 1814 866 1859 videntur.
897 1815 987 1855 dum
1017 1829 1094 1855 rne-

436 1872 594 1909 tuimus.
649 1870 742 1910 Ideo
761 1867 906 1923 saepius
927 1873 1087 1921 quaerit,

433 1936 476 1965 et
496 1927 629 1964 nuncii
648 1927 824 1967 ordinem
844 1929 1090 1978 repetit,cum

437 1981 552 2021 dicit:
591 1983 818 2029 Manedum,
850 1984 964 2033 sodes.
1031 1986 1091 2022 Sic

436 2051 470 2078 te
487 2037 613 2089 dixffe
632 2042 770 2089 opinor,
793 2039 959 2091 imum-‘ffb
980 2040 1091 2089 Myr-

434 2095 579 2134 rhinam
610 2096 708 2146 apud
734 2095 947 2135 Bicchidem
974 2109 1091 2134 annu-

435 2151 511 2190 lum
522 2151 649 2200 ficum.
708 2150 990 2202 Quilnnsrebm
1004 2164 1089 2190 con-

433 2206 588 2246 firmaris
626 2205 767 2246 rursum
807 2206 966 2246 exsultat
1004 2221 1090 2260 gau-

434 2261 520 2301 dio.-
576 2262 669 2314 ‚Quis
708 2278 761 2303 me
801 2263 847 2315 est
875 2266 1091 2317 fortunati-

433 2316 512 2359 or‘?
570 2322 608 2358 E.

488 2373 628 2413 Versus
659 2373 745 2415 sunt
760 2375 963 2415 Trochnici
978 2387 1088 2417 terra-

433 2432 564 2475 metri3
613 2429 675 2471 scd
713 2431 774 2470 hic
814 2444 854 2472 et
891 2431 1083 2484 septimus,

433 2488 677 2536 acatalvtlici,
708 2490 847 2528 caeteri
867 2490 1086 2528 cataleelici.

430 2554 621 2581 rmanx.

486 2608 508 2635 2
546 2601 613 2634 l¹r0
653 2600 834 2640 Coniiriizs
875 2600 1086 2654 legendum

430 2653 603 2692 existimo
629 2654 802 2695 Pelltrins.
862 2660 902 2697 B.

483 2721 505 2759 3
550 2708 657 2751 Dum
682 2710 790 2760 sum,
830 2710 865 2762 fi
905 2713 970 2750 hoc
1010 2711 1086 2764 ixa]

426 2764 546 2812 plaut.
578 2764 662 2806 Rex
679 2766 793 2820 sums
823 2782 947 2823 regem
965 2781 1088 2807 autem

1641 1326 1803 1369 Pau.

1148 1427 1240 1480 quid
1254 1426 1412 1481 loquor?
1439 1429 1511 1466 imo
1530 1427 1642 1466 Deus.
1700 1428 1747 1466 Et
1764 1426 1805 1466 in

1149 1485 1346 1532 Curcum,
1367 1497 1412 1537 3,
1440 1497 1489 1524 11.
1531 1507 1585 1514 —
1620 1482 1705 1522 Sum
1729 1482 1806 1528 De·

1148 1554 1199 1581 us.
1253 1545 1294 1583 L.

1202 1600 1273 1637 Pro
1310 1597 1459 1636 certene
1505 1595 1651 1647 vulgari
1700 1593 1803 1632 reete

1146 1652 1279 1693 Bemb.
1324 1663 1363 1690 et
1408 1652 1613 1691 X‘iStorran.
1657 1647 1804 1687 habent

1146 1709 1303 1748 Cenem
1334 1717 1370 1744 vt
1396 1704 1519 1745 versus
1546 1706 1587 1743 lit
1615 1704 1800 1743 Trochai-

1144 1775 1210 1801 cus
1229 1763 1482 1800 catalecticus.
1542 1764 1581 1800 B.

1195 1834 1220 1869 4
1258 1818 1377 1856 Mane
1404 1817 1506 1871 dum]
1545 1816 1649 1855 Dum
1680 1815 1801 1855 abun-

1142 1873 1216 1913 dat.
1271 1875 1319 1913 D.

1199 1940 1221 1981 5
1253 1928 1314 1968 Sic
1336 1942 1370 1968 te
1391 1927 1518 1980 dixisse
1545 1927 1695 1982 opinor]
1724 1927 1800 1969 Mi-

1141 1999 1183 2024 ro
1201 1983 1337 2025 affeclu
1360 1985 1564 2031 inducitur,
1588 1985 1648 2023 vix
1661 1983 1800 2024 adduci

1141 2041 1188 2081 ad
1215 2040 1474 2090 credendum,
1504 2039 1607 2092 quod
1637 2040 1795 2094 gaudet,

1140 2097 1376 2150 Pamphilus.
1433 2100 1481 2137 D.

1195 2157 1254 2194 Ne
1281 2168 1350 2206 pro
1367 2152 1581 2193 Trochaico
1612 2151 1799 2193 fiat-lam-

1141 2209 1265 2255 bicus,
1301 2210 1361 2249 sel
1395 2211 1549 2262 corrige
1578 2208 1699 2257 Dixe,
1736 2209 1799 2247 vel

1142 2280 1224 2305 cum
1258 2266 1356 2307 Cod.
1383 2266 1501 2306 Mead
1550 2266 1638 2317 lege
1671 2267 1798 2304 inuer-

1142 2319 1181 2362 so
1212 2321 1372 2370 ordine,
1408 2323 1469 2362 Sic
1509 2321 1637 2373 dmſje
1667 2323 1798 2374 opinor

1138 2391 1183 2418 te.
1240 2383 1278 2418 B.

1192 2437 1217 2476 6
1259 2439 1344 2476 Duo
1387 2432 1512 2475 Codd.
1547 2432 1790 2480 concinnius,

1135 2491 1245 2533 Suum
1263 2489 1423 2529 anulum.
1481 2493 1523 2529 B.

1192 2559 1218 2597 7
1246 2547 1325 2591 Ita,
1359 2545 1528 2598 inquam]
1568 2542 1685 2594 Quali
1715 2542 1793 2581 iam

1137 2613 1227 2640 ante
1266 2599 1398 2649 saffris,
1435 2600 1522 2641 dico
1552 2597 1690 2653 (Q‘fi
1719 2599 1794 2638 iam

1136 2658 1280 2709 lassatus
1293 2658 1413 2707 dicu).
1468 2659 1518 2696 D.

1190 2716 1278 2753 Duo
1290 2726 1335 2752 ex
1355 2712 1487 2751 nostris
1509 2712 1644 2759 verius,
1667 2711 1792 2764 anue

1139 2769 1204 2811 hoc
1227 2768 1322 2811 mihi
1342 2782 1379 2810 ιε
1402 2769 1583 2809 nunciare.
1640 2767 1682 2807 B.
