1875 3244
683 202 995 248 HECYRA.

1399 215 1492 263 273

252 333 357 383 LA.
394 338 524 381 Tuos
559 329 641 379 effe
665 332 726 378 illi
752 347 895 379 mores
919 327 1129 375 morbum
1157 329 1322 388 magis,
1358 345 1492 391 quam.

341 411 480 457 xvllam
507 411 632 455 aliam
656 425 765 459 rem,
789 404 999 452 ailiitmr:
1045 433 1048 437 ·

251 492 308 536 Et
339 489 496 534 merito
529 485 661 531 adeo:
700 500 801 529 nam
835 480 1076 529 vostrarum
1102 478 1224 525 nulla
1257 476 1338 532 est,
1380 469 1490 542 quin

351 575 533 624 gnatum
562 561 666 606 velit

252 644 428 687 Ducere
453 653 654 682 vxor-em:
694 647 737 682 et
758 650 867 697 quae
892 631 1016 681 vobis
1053 632 1211 696 placita
1249 628 1309 677 est
1341 629 1490 677 condi-

351 719 427 767 tio,
462 713 587 758 datur
601 731 610 757 :

145 808 212 857 45
249 792 339 840 Vbi
364 791 524 836 duxere
542 780 734 853 impulsu
757 784 911 839 vestro,
946 781 1088 832 vestro
1112 782 1304 849 impulsu
1325 781 1494 835 easdem

352 868 546 927 exigunt.

169 992 475 1047 ACTVS
541 988 954 1043 SECVNDI
1013 986 1317 1039 SCENA
1369 985 1443 1043 11.

285 1082 633 1124 PHIDIPPVS.
671 1079 934 1121 LACHEs.
974 1076 1322 1119 sosTRATA.

117 1199 198 1309 E

117 1363 351 1406 'terentiani
395 1364 511 1403 moris
548 1359 659 1402 causa
694 1359 802 1401 scri--

119 1421 170 1461 be
191 1453 198 1469 ‚
246 1420 384 1461 Albam
395 1449 408 1468 ,
456 1431 495 1458 vt
541 1419 585 1459 fit
631 1416 779 1471 disylla-

119 1478 213 1518 bon.
271 1481 310 1517 B.

175 1547 229 1587 42
266 1534 367 1572 Tuos
392 1531 454 1584 eff&
478 1531 534 1570 illi
559 1531 695 1585 mores]
726 1535 778 1570 A·

119 1589 335 1629 cerbiffime
362 1589 494 1628 institit
521 1585 639 1627 senex
660 1599 697 1625 et
721 1599 781 1625 ac-

119 1644 301 1686 cusationi
321 1646 467 1691 vxor-is,
500 1654 541 1682 et
560 1643 780 1683 detentioni

119 1715 258 1742 nurus:
290 1700 479 1752 liquidem
499 1699 574 1738 hoc
593 1697 700 1740 sensu
726 1697 777 1737 di-

121 1769 200 1805 cat,
230 1771 369 1796 nurum
389 1769 464 1795 nee
482 1755 680 1796 mendacii
702 1755 780 1793 cul-

121 1828 210 1866 pam
227 1815 446 1861 incurrere,
483 1826 585 1863 quae
606 1825 700 1851 vere
722 1824 779 1850 ae-

121 1880 251 1924 grotet
280 1883 328 1909 ex
366 1868 537 1915 moribus
573 1869 696 1908 malae
725 1865 781 1907 so-

124 1939 222 1964 crus.
281 1927 330 1964 D.
590 1928 592 1930 ’

175 1981 357 2020 Morbum
387 1978 522 2035 magis]
567 1983 613 2020 In
639 1976 708 2020 Ms.

123 2040 241 2092 magis
261 2035 506 2076 desideratur.
563 2040 602 2077 L.

178 2093 310 2132 isemb.
332 2093 433 2132 recle
444 2092 572 2142 habet,
598 2092 701 2133 Tuos
720 2091 783 2145 effi

124 2162 190 2205 ego
213 2147 266 2187 illi
288 2162 420 2189 mores.
477 2152 517 2190 B.

179 2217 230 2258 43
266 2204 368 2244 Nam
387 2205 588 2257 vestrarum
607 2203 705 2244 nulla
715 2203 781 2258 est]

123 2262 198 2300 Pro
222 2260 398 2313 Vestrum.
432 2260 506 2300 hoc
541 2262 649 2300 enim
678 2262 785 2299 venit

126 2317 174 2356 ab
202 2330 250 2355 eo
280 2317 384 2367 quod
411 2318 465 2356 est
489 2317 625 2368 Vestra.
682 2317 786 2370 Qin

121 2386 278 2428 gnatum
319 2373 432 2428 velit]
503 2373 609 2429 Qun
628 2402 638 2421 ,
687 2385 786 2425 quae

126 2442 225 2471 non,
286 2430 320 2468 D

183 2498 239 2537 44
259 2483 311 2523 Et
330 2484 530 2537 quaevobis
553 2487 691 2538 placita
704 2498 787 2524 con-

125 2542 224 2582 ditio
236 2540 293 2592 est,
307 2541 438 2594 datur]
451 2545 584 2596 Imago
596 2543 658 2582 laic
672 2542 789 2593 qu'ae-

127 2599 217 2638 dam
238 2598 595 2651 argumentationis,
618 2612 717 2650 quae
731 2598 786 2637 di—

129 2655 229 2692 citur
247 2658 302 2691 ἄπ’
323 2656 431 2699 ἀρχῆς
447 2659 529 2700 ἀχρὶ
548 2662 644 2696 'tnnc
658 2669 666 2692 :
682 2654 787 2706 quod

129 2710 266 2805 Latli-ne
285 2710 443 2757 dicitur,
474 2709 532 2752 Ab
553 2707 665 2754 inmo
687 2709 792 2763 adfi-

213 2780 261 2806 er.
275 2768 316 2808 C.
337 2767 378 2806 P.
391 2766 441 2806 II.

372 1289 379 1303 '
432 1294 587 1338 cogam
599 1295 610 1334 3

738 1983 780 2022 R.

219 1222 249 1248 T
274 1221 292 1248 s
313 1221 330 1248 1
373 1202 456 1249 scio
490 1217 598 1262 ego,
627 1200 910 1253 Philumena,
946 1213 1097 1245 meum
1128 1197 1196 1242 ius
1232 1190 1341 1248 effe,
1377 1202 1425 1240 vt
1450 1203 1495 1240 te

1366 1272 1496 1324 Quae

829 1374 922 1400 nem.
979 1362 1027 1400 Et
1047 1369 1087 1399 vt
1105 1357 1344 1412 generaliter
1363 1356 1496 1406 coepit

829 1417 1116 1462 inueffionem‚
1167 1416 1217 1452 ita
1257 1412 1496 1466 generaliter

830 1473 1014 1511 conclulit
1035 1474 1074 1510 in
1092 1470 1230 1510 socrus.
1267 1481 1305 1508 et
1331 1468 1383 1508 est
1411 1465 1497 1506 sen-

829 1527 903 1578 sus,
924 1532 980 1569 Eo
1002 1526 1215 1579 improbius
1232 1524 1364 1570 facitis,
1387 1521 1494 1575 quod

830 1587 926 1631 illas,
940 1598 1031 1636 quas
1044 1584 1252 1635 elegeritis,
1266 1580 1412 1619 odistis.
1442 1582 1494 1619 D.

884 1655 937 1694 45
970 1639 1042 1680 Vbi
1078 1642 1215 1678 duxere
1245 1635 1402 1689 impulsis
1433 1650 1497 1674 ve·

822 1695 920 1750 stro]
952 1700 1060 1736 Bene
1081 1694 1196 1735 verba
1208 1694 1345 1733 eadem
1358 1690 1497 1731 stoma·

832 1751 945 1792 chose
979 1764 1018 1791 et
1052 1750 1314 1804 {igniticanter
1352 1750 1499 1800 repeti-

832 1810 907 1857 uit,
936 1820 974 1848 vt
994 1807 1221 1860 improbitas
1242 1819 1291 1845 ex
1314 1806 1497 1856 proximo

832 1877 1017 1917 appareat
1033 1862 1214 1916 impulsu.
1280 1862 1352 1903 Vbi
1380 1863 1497 1899 duxe-

832 1937 873 1962 re
894 1921 1063 1974 impulfh]
1097 1920 1284 1967 Videtur,
1319 1927 1358 1956 vt
1383 1915 1498 1969 supra

833 1979 1027 2031 diximus,
1060 1977 1157 2015 haec
1186 1987 1264 2014 tota
1291 1976 1416 2014 Scena
1446 1972 1498 2012 ad

833 2035 909 2074 hoc
929 2033 1160 2086 inter-polita,
1183 2042 1221 2070 vt
1240 2029 1409 2068 Fabulae
1429 2042 1501 2068 no·

833 2104 927 2131 men
964 2090 1058 2129 hinc
1097 2088 1408 2139 intelligeremus
1438 2086 1501 2124 in-

834 2157 1014 2188 uentum.
1071 2149 1117 2185 Et
1133 2142 1416 2196 impudentiam
1437 2138 1500 2180 so-

835 2217 973 2242 cruum
1005 2199 1189 2252 impulsus
1219 2199 1405 2249 repetitio
1425 2197 1500 2237 de-

835 2259 1071 2299 monstrauit.
1156 2255 1317 2309 Impulfic
1356 2253 1498 2307 vestro]

837 2317 898 2356 Sic
921 2317 960 2353 in
982 2318 1196 2355 Heautont.
1227 2311 1397 2350 Srortm·
1426 2323 1502 2349 cre-

837 2370 903 2410 bro
927 2370 1079 2418 nolum,
1107 2367 1236 2409 nolunt
1261 2364 1390 2406 crebro
1410 2379 1501 2407 con-

837 2429 1016 2466 uiuarier.
1077 2428 1124 2465 D.

896 2497 912 2525 1
946 2481 1127 2532 Eefi'scio
1145 2494 1229 2536 ego,
1266 2477 1499 2528 Philumena,

838 2554 955 2580 meum
983 2542 1038 2578 ius
1069 2537 1152 2590 effe]
1193 2540 1235 2575 ln
1279 2535 1352 2573 hac
1375 2536 1503 2574 Scena

839 2596 994 2637 moralis
1024 2594 1210 2633 allocutio
1234 2591 1419 2643 Phidippi
1446 2589 1503 2629 est

839 2655 886 2693 ad
910 2653 1037 2698 filiam,
1063 2648 1244 2688 mitillimi
1268 2649 1382 2698 patris
1403 2647 1507 2685 colo-

840 2723 922 2751 rem
942 2706 1163 2748 ostendens.
1222 2704 1410 2758 Etst'fiio]
1431 2709 1510 2753 Ap-

974 2767 1001 2805 S
1394 2768 1506 2810 paret
